3260 5292
312 365 367 470 '42
739 437 741 444 ·
807 409 925 464 CAPUT
945 409 991 463 lll.

324 572 443 636 merla
465 577 584 637 constat
611 571 726 637 dicolos
748 570 889 654 peditus,
919 573 954 638 in
975 573 1094 656 priore,
1117 557 1162 638 ne*
1177 572 1272 637 nimis
1294 573 1517 640 obscuretur.

324 677 497 762 rhythmus,
519 699 583 744 non
605 679 688 744 dehet
708 680 791 744 arsis
813 683 950 743 constare
971 679 1033 761 plne
1054 681 1137 744 certi
1154 681 1345 762 plusquam
1375 699 1493 742 naono-

322 785 448 865 spllabi,
476 805 572 868 neque
594 786 695 851 thesis·
708 786 751 868 (si
773 787 979 867 morrosplloto
1003 792 1116 852 constet
1137 787 1233 870 arsis)
1260 786 1387 868 efficere
1405 806 1494 866 par-

324 897 382 956 tem
404 893 541 958 vocabuli
557 893 634 975 plns
656 913 749 975 qnam
773 893 984 976 monosyllabi,
1006 895 1071 958 nisi
1093 895 1128 957 id
1148 895 1190 959 sit
1206 893 1470 977 ppmichiacmm.

846 1092 866 1168 s
889 1090 940 1153 m.

412 1213 526 1298 Itaque
554 1214 605 1277 his
634 1213 845 1296 praemonitis
873 1213 938 1276 iam
966 1213 1001 1277 in
1024 1213 1198 1278 hexametro
1226 1216 1259 1276 et
1279 1197 1492 1294 pentametro

323 1319 469 1402 daetplico
492 1319 613 1384 ordinis
643 1320 809 1402 utriusque
833 1319 959 1383 metrici
986 1319 1060 1394 finis
1084 1319 1210 1382 numeri
1238 1319 1316 1384 recti
1335 1323 1376 1384 et
1404 1319 1490 1382 falsi

324 1426 639 1490 demonstrabuntur.
681 1425 890 1509 Reliquorum
915 1429 1022 1490 autem
1046 1429 1223 1490 metrorum
1246 1427 1333 1510 leges
1359 1447 1404 1488 ex
1433 1425 1490 1489 his

259 1601 263 1608 ,
312 1532 389 1604 ¹sibi
413 1533 546 1616 quisque
570 1532 664 1606 facile
686 1533 761 1596 licet
784 1531 929 1610 deducat.
951 1599 958 1609 ,,
996 1604 1003 1610 ,
1103 1601 1105 1606 ,
1211 1605 1215 1610 ,

375 1703 376 1706 ,
413 1637 550 1702 Constat
575 1639 675 1724 igitur
697 1639 731 1702 in
754 1661 881 1704 caesara
903 1641 1127 1722 semipninaria
1149 1641 1201 1703 vel
1223 1640 1491 1724 semiseptenaria

323 1745 398 1827 finis
416 1746 534 1826 prioris
557 1745 679 1810 ordinis
702 1747 826 1812 metrici
845 1757 1010 1830 anapaesto
1034 1745 1099 1830 (vel
1121 1745 1273 1831 spondeo),
1290 1748 1490 1828 posterioris

323 1850 356 1914 in
381 1851 568 1918 hexametro
591 1853 708 1936 dactplo
732 1859 760 1918 et
782 1853 928 1936 trochaeo,
951 1853 986 1918 in
1009 1856 1212 1936 pentametro
1236 1854 1425 1920 choriambo.

411 1957 526 2043 Itaque
540 1961 666 2024 vitiosae
678 1963 756 2024 sunt
774 1959 1118 2024 hexametricaesurac
1133 1961 1383 2044 semiquinariae
1398 1961 1487 2024 hae:

435 2087 468 2147 et
490 2105 564 2148 cum
585 2084 702 2166 fripida
724 2105 807 2150 mors
831 2084 938 2148 anima
961 2082 1124 2147 seduxerit
1147 2077 1246 2148 artus.

433 2190 484 2253 vel
507 2181 690 2272 manifestas
711 2211 761 2256 rcs
784 2192 898 2256 contra
921 2189 1089 2276 clarasque
1112 2194 1287 2278 repugnat3

323 2314 474 2396 lepitimae
495 2315 590 2380 tales:

435 2439 469 2503 in
491 2461 577 2505 nova
599 2439 664 2504 fert
685 2443 811 2506 animas
833 2444 976 2506 mutatas
1000 2441 1104 2506 dicere
1127 2441 1258 2506 formas.

433 2545 512 2612 haec
536 2547 631 2610 simul
654 2549 808 2626 adocrtos,
832 2548 924 2614 facile
943 2552 981 2612 ut
1003 2569 1197 2634 cognoscere
1221 2547 1334 2631 possis.

370 2711 376 2721 .
435 2653 700 2718 sollicitudinibus
723 2654 845 2740 subigit
867 2655 1069 2720 vementibus
1093 2655 1168 2719 ira.⁴

434 2781 525 2823 arma
547 2760 709 2842 virumqne
730 2781 819 2844 cana,
843 2760 960 2826 Troiae
984 2761 1037 2845 qui
1062 2761 1184 2844 primus
1209 2761 1249 2824 ab
1272 2759 1346 2824 aris.

357 2915 364 2930 ,
435 2887 454 2929 o
478 2866 626 2949 quotiens
649 2873 678 2931 et
699 2888 777 2949 qnae
800 2867 894 2932 nobis
918 2867 1054 2932 Galatea
1076 2867 1225 2932 locutast.

435 2971 611 3055 simplicior
633 2975 702 3054 anis
725 2974 842 3038 otest?
866 2974 994 3058 qualem
1017 2995 1067 3038 me
1092 2995 1187 3056 saepe
1210 2973 1351 3046 licenter.
1473 3053 1474 3056 Ἴ
1524 2961 1526 2964 ’

435 3079 576 3162 respexit
599 3085 701 3144 tamen
723 3085 752 3146 et
773 3081 871 3165 longo
894 3083 970 3164 post
991 3083 1137 3163 tempore
1161 3081 1256 3145 venit

324 3202 430 3266 Isdem
448 3224 580 3285 prorsus
599 3204 736 3288 legibus,
756 3203 811 3268 scd
826 3203 925 3268 etiam
939 3204 1119 3269 accuratius
1138 3203 1318 3296 obseruatis
1337 3227 1479 3271 caesura

244 3361 246 3366 .
324 3310 572 3391 semiseptenaria
594 3313 802 3394 temperatur.

413 3416 527 3499 Itaque
550 3419 687 3482 monstri
710 3406 813 3502 paene
836 3417 940 3482 instar
963 3421 1013 3482 cst
1036 3438 1147 3482 versus
1170 3418 1318 3482 Horatii:

494 3562 553 3605 nec
576 3542 726 3607 facundia
748 3544 860 3608 deseret
881 3542 961 3607 lanne
983 3564 1042 3606 nec
1064 3542 1190 3607 lucidus
1215 3541 1301 3606 ordo.

327 3663 457 3730 Contra·
476 3666 511 3730 in
534 3667 763 3751 semiternario,
792 3689 864 3732 eum
892 3667 1040 3751 proxima
1068 3667 1112 3731 sit
1138 3666 1232 3730 initio
1262 3687 1387 3749 versus,
1420 3667 1479 3730 lex
1594 3716 1598 3725 ,

229 3801 244 3830 ι
325 3773 430 3852 minas
452 3795 550 3839 severe
571 3774 759 3840 custoditur.

414 3880 585 3956 Praeterea
608 3904 681 3946 cum
698 3881 838 3948 Romani
861 3881 1040 3946 amaverint
1061 3883 1098 3944 ut
1121 3879 1413 3964 supramemoravi
1438 3881 1478 3943 in

325 3985 459 4068 pedibus
469 3987 613 4052 ‘secundo
630 3991 662 4052 et
681 3989 777 4054 tertio
792 4009 961 4052 numerum
981 3987 1175 4072 dactylicum
1190 3990 1222 4052 et
1236 4008 1346 4051 versus
1360 3985 1473 4050 Latini

327 4113 364 4157 ea
386 4093 490 4176 prima
512 4093 563 4156 lex
587 4093 639 4178 sit,
661 4116 701 4158 ne
724 4093 895 4180 rhythmus
915 4095 983 4159 eius
1010 4117 1082 4160 cum
1102 4097 1235 4158 accentu
1259 4092 1473 4178 grammatico

327 4203 493 4283 congruat,
515 4221 556 4263 ne
576 4201 735 4266 secundus
759 4203 888 4286 quidem
905 4223 963 4285 pes
987 4200 1153 4285 dactylicis
1172 4197 1218 4285 (ct
1241 4200 1347 4264 minus
1371 4199 1473 4262 etiam

327 4304 523 4399 spondiacis)
546 4307 652 4372 verbis
680 4308 763 4373 effici
786 4309 882 4390 solet,
906 4307 933 4372 si
958 4307 1007 4371 sit
1022 4305 1315 4390 hephthemimeres
1338 4325 1473 4368 caesura

328 4411 392 4498 (val
415 4413 513 4478 tertia
535 4414 722 4502 trochaica).
758 4414 870 4502 Itaque
891 4414 988 4480 etiam
1007 4413 1180 4499 displicent
1197 4433 1309 4476 versus
1327 4411 1423 4474 tales:
