3260 5292
534 1577 582 1650 L.
613 1575 649 1650 S.

264 1770 441 1836 Multorum
475 1770 552 1834 olim
581 1767 748 1832 desideriis
777 1787 849 1831 cum
878 1771 963 1831 esset
986 1769 1177 1852 expetitum,
1202 1772 1239 1833 ut
1261 1770 1326 1854 epi-

175 1883 286 1943 tomen
318 1877 395 1941 libri
428 1876 466 1941 de
498 1897 533 1939 re
566 1875 701 1939 metrica
734 1875 903 1958 poetarum
937 1872 1126 1938 Latinorum
1161 1875 1327 1939 ederemus

174 1985 462 2070 qualemcumque,
494 2004 558 2066 qua
589 1983 723 2064 possent
755 1980 816 2062 uti,
849 1980 965 2063 quibus
1001 2002 1067 2045 non
1104 1985 1189 2045 esset
1225 1982 1326 2046 otium

172 2093 282 2155 totum
304 2089 384 2154 illud
404 2110 485 2172 opus
510 2086 698 2168 excutiendi,
722 2090 755 2150 et
777 2107 885 2150 rerum
908 2087 1002 2169 copia
1023 2109 1118 2171 saepe
1141 2087 1327 2152 intricatum

171 2217 234 2260 nec
259 2195 338 2259 satis
365 2193 643 2259 accommodatum
667 2193 707 2257 ad
735 2215 812 2258 usus
836 2192 1058 2277 quotidianos
1085 2215 1170 2257 nuno
1197 2194 1326 2259 tandem

172 2323 234 2385 per
257 2300 464 2385 negotiorum
488 2299 746 2384 magnitudinem
773 2299 867 2374 licuit
893 2298 926 2362 id
956 2299 1120 2382 perficere,
1150 2300 1235 2384 quod
1265 2301 1328 2386 ipsi

174 2407 300 2492 pridem
330 2406 548 2490 cupiebamus.
598 2405 643 2469 Et
671 2405 810 2470 maxime
840 2405 968 2488 quidem
1000 2405 1062 2468 hac
1090 2427 1200 2470 sumus
1230 2427 1328 2470 causa

174 2491 329 2597 permoti,
359 2515 397 2576 ut
420 2511 585 2576 desideriis
612 2511 677 2576 illis
701 2510 976 2594 satisfaceremus,
1005 2511 1090 2595 quod
1114 2511 1327 2576 adulescenti-

175 2619 238 2682 bus
271 2617 418 2682 Instituti
450 2617 609 2682 Historici
644 2617 838 2702 Philologioi
875 2616 1112 2701 Petropolitani
1148 2619 1327 2702 parandum
1412 2616 1414 2622 ’

181 2727 252 2788 erat
274 2723 485 2788 summarium
509 2723 669 2808 quoddam
692 2723 740 2786 rei
762 2723 914 2786 metricae
935 2722 1086 2807 Latinae,
1110 2746 1173 2808 quo
1197 2725 1238 2788 ad
1258 2747 1326 2789 eru·

54 2837 60 2852 ¹
177 2830 330 2894 diendam
359 2831 395 2894 in
423 2829 604 2914 gymnasiis
632 2829 831 2894 iuventutem
858 2828 1027 2894 Rossicam
1056 2851 1128 2894 cum
1159 2832 1326 2896 commodo

174 2940 314 3020 possent
335 2937 392 3000 uti.
434 2935 585 3000 Ceterum
608 2956 648 2998 ne
673 2935 746 2999 aliis
771 2934 898 3019 quidem
921 2935 984 3000 hoc
1007 2938 1197 3020 opusculum
1219 2939 1327 3022 ingra-

175 3047 250 3106 tum
281 3041 350 3106 fore
380 3063 486 3127 spero,
515 3062 574 3105 nec
601 3041 717 3104 inutile
745 3040 786 3104 ad
811 3040 989 3105 tollendam
1019 3043 1065 3106 rei
1093 3043 1246 3108 metricae
1269 3045 1327 3108 im·

175 3133 346 3232 peritiam,
370 3170 433 3232 qua
456 3147 542 3212 haud
565 3147 660 3231 pauci
682 3147 748 3211 iam
771 3147 921 3211 laborant
943 3151 1114 3231 poetarum
1137 3147 1327 3214 Latinorum

179 3254 384 3337 interpretes,
417 3257 450 3316 et
480 3253 521 3317 ad
560 3251 760 3319 exturbanda
793 3253 969 3318 enchiridia
999 3253 1152 3319 metricae
1182 3253 1329 3342 Latinae,

179 3360 306 3451 quibus
321 3361 509 3444 plerumque
532 3361 668 3422 utuntur
691 3360 936 3444 gymnasiorum
959 3364 1193 3444 praeceptores.

268 3465 482 3550 Respeximus
503 3469 624 3547 autem,
648 3467 684 3529 ut
702 3487 761 3548 par
782 3468 865 3548 erat,
888 3467 1026 3530 maxime
1045 3465 1241 3552 Vergilium,
1263 3470 1328 3536 Ho-

179 3571 306 3654 ratium,
326 3571 487 3651 Ovidium,
507 3570 689 3635 Phaedrum
709 3576 741 3635 et
760 3572 843 3656 siqui
862 3576 989 3656 praeter
1005 3572 1065 3636 hos
1084 3577 1199 3656 poetae
1218 3573 1328 3638 Latini

180 3677 425 3762 gymnasiorum
453 3699 514 3741 usu
541 3681 704 3760 teruntur,
737 3677 849 3742 deinde
881 3679 1037 3763 reliquos,
1064 3679 1119 3763 qui
1148 3679 1280 3744 fuerunt
1310 3703 1329 3744 a

177 3782 329 3854 Lucretio
363 3805 464 3867 usque
501 3783 541 3848 ad
573 3783 766 3848 Iuvenalem.
817 3783 1026 3867 Antiquiores
1059 3788 1092 3848 et
1123 3786 1328 3869 recentiores,

178 3889 317 3953 alienos.
332 3889 399 3953 fere
426 3889 501 3954 illos
531 3889 572 3953 ab
599 3911 660 3953 usu
684 3889 880 3972 scholarum,
908 3911 964 3954 cur
993 3895 1198 3975 tangeremus
1224 3893 1328 3956 rarius

176 3995 243 4058 fuit
266 4015 372 4058 causa.

269 4099 453 4185 Praeterea,
481 4102 538 4166 ubi
567 4101 768 4185 expediebat,
798 4107 835 4166 ut
856 4101 1051 4167 Graecorum
1075 4107 1254 4186 auctorum,
1281 4104 1329 4168 ita

178 4204 287 4270 Plauti
311 4228 349 4272 ac
373 4206 515 4271 Terentii
538 4209 789 4274 memoravimus
813 4209 941 4292 placita.

273 4309 468 4378 Seclusimus
488 4316 609 4396 autem,
631 4319 669 4378 ut
682 4314 876 4400 oportebat,
900 4337 919 4379 a
941 4314 988 4378 rei
1007 4314 1158 4378 metricae
1182 4312 1329 4378 doctrina

177 4419 358 4484 doctrinam
383 4418 552 4502 prosodiae
571 4419 721 4505 Latinae,
745 4421 863 4505 quippe
887 4420 977 4484 cuius
1000 4419 1117 4504 peritia
1137 4442 1203 4485 non
1222 4421 1328 4485 minus
