3260 5292
332 401 376 464 44
472 453 475 460 .
814 405 933 462 CAPUT
951 405 999 460 Ill.

330 567 380 631 vel
409 568 641 653 monosyllabis
665 568 764 653 binis3
794 591 853 635 nec
880 569 986 634 minus
1010 569 1129 634 falsum
1152 570 1223 634 loeo
1248 568 1361 654 quinto
1387 591 1485 634 voca·

330 674 443 739 bulum
466 675 501 738 in
524 675 701 759 spondeum
725 675 843 742 exiens.
888 677 1002 761 Itaque
1027 677 1135 742 nullus
1158 679 1208 740 est
1231 698 1343 741 versus
1367 675 1461 740 talis:

491 803 594 865 morte
617 785 717 866 ferox'
730 801 873 866 Theseus
897 802 1024 886 qualern
1047 801 1172 866 Minoae
1194 803 1317 866 luctum.

331 926 470 991 Omnino
509 926 618 990 nullae
660 927 780 1008 species
817 947 928 990 versus
971 925 1138 1010 spondiaoi
1184 929 1260 990 sunt
1299 925 1484 1008 permissae

332 1035 461 1116 praeter
489 1055 543 1096 eas
571 1054 652 1116 quas
687 1055 784 1116 supra
812 1031 1000 1116 memoravi,
1027 1035 1161 1116 excepto
1193 1031 1277 1116 quod
1306 1032 1487 1118 Vergilius,

330 1139 475 1202 Ennium
500 1141 587 1219 [ann.
611 1139 674 1203 207
700 1139 746 1204 ed.
770 1137 879 1219 Vahl]
904 1141 1041 1221 secutus,
1064 1137 1211 1203 adhibuit
1233 1139 1316 1203 tales

430 1285 502 1328 cum
527 1263 621 1328 sociis
646 1266 819 1348 gnatoque,
841 1262 1018 1326 Penatibus
1041 1269 1071 1326 et
1091 1263 1213 1345 uroquu's
1235 1264 1291 1327 dis.

428 1411 500 1453 eum
523 1389 645 1472 populo
669 1387 893 1472 patribusque,
915 1387 1091 1452 Penatibus
1114 1391 1144 1451 ct
1164 1389 1286 1471 quuu‘s
1308 1389 1376 1464 dim

321 1500 364 1576 'et
386 1513 555 1578 Lucretius

428 1637 541 1701 matris
565 1640 598 1712 et
620 1637 739 1722 ingrati
763 1637 964 1722 genitoribus
986 1639 1103 1701 ‘irrceuti
1124 1639 1189 1702 siut

330 1761 394 1826 nisi
416 1762 524 1845 potius
548 1765 598 1826 est
621 1761 824 1826 scribendum

684 1884 876 1970 genitoribu’
901 1862 967 1950 lint.
990 1886 1122 1950 invene.

330 2009 438 2095 Atque
461 2011 508 2076 ita
530 2010 692 2076 Iuvenalis
717 2009 865 2074 satiricus
890 2008 1074 2093 [111,273]:

526 2122 560 2181 et
582 2117 682 2181 subiti
705 2139 799 2180 casus
822 2117 1025 2200 inproviduS,
1048 2119 1091 2182 ud
1112 2138 1217 2182 aeuum
1239 2119 1275 2183 si.
1383 2146 1388 2150 ·
1499 2153 1502 2156 ·

330 2241 332 2248 ’
419 2240 482 2306 Sed
500 2241 565 2306 iam
583 2243 620 2305 ut
638 2231 727 2326 leges
741 2245 910 2324 poetarum
925 2263 1026 2326 usque
1045 2241 1085 2305 ad
1103 2242 1202 2306 finem
1217 2241 1336 2306 saeculi
1351 2265 1382 2326 p.
1404 2241 1484 2307 Ohr.

329 2349 428 2433 primi
447 2349 678 2433 dactylicorum
697 2369 879 2432 persequar,
903 2348 937 2411 in
961 2349 1058 2412 tertio
1078 2348 1158 2431 pede
1183 2349 1361 2413 hexametri
1380 2349 1484 2414 collo-

331 2477 403 2520 care
427 2456 525 2520 verba
548 2455 706 2540 dactylica
732 2457 808 2538 post
829 2453 973 2518 Ennium
997 2457 1029 2518 et
1051 2453 1210 2518 Lucilium
1234 2453 1359 2543 (quiet
1383 2479 1483 2540 spon-

331 2561 423 2627 diaea
441 2563 487 2627 ibi
506 2560 694 2648 adhibuere)
715 2584 781 2627 non
800 2565 966 2626 ostensus
987 2562 1157 2647 quisquam
1176 2563 1240 2626 nisi
1258 2560 1426 2628 Lueretius
1447 2569 1484 2629 et

329 2668 485 2733 Horatius
500 2670 580 2734 locis
595 2669 680 2734 binis
697 2669 735 2752 [I,
750 2669 828 2752 5703
847 2667 904 2754 IV,
918 2669 998 2754 4913
1018 2670 1110 2753 epist.
1125 2670 1150 2754 I,
1167 2670 1217 2752 18,
1231 2669 1290 2746 523
1309 2668 1351 2753 Π,
1365 2671 1396 2754 3,
1410 2671 1484 2752 41].

418 2774 456 2839 In
481 2777 620 2841 secundo
643 2775 723 2860 pede
743 2775 902 2860 dactylica
920 2775 972 2839 vel
991 2773 1166 2860 aliquando
1186 2775 1360 2859 spondiaco
1383 2797 1483 2842 voea-

329 2883 406 2946 bula
430 2882 645 2948 adhibuerunt
666 2883 803 2966 Ennius,
825 2881 978 2966 Lucilius,
996 2881 1174 2966 Lucretius,
1198 2879 1325 2965 Oicer03
1350 2885 1384 2946 at
1407 2885 1482 2947 sola

329 2989 486 3074 dactylica
510 2989 667 3054 admisere
691 2988 846 3072 Catullus,
869 2991 982 3054 auctor
1005 2989 1156 3072 dirarum,
1185 2989 1350 3074 Vacuus,
1372 2989 1481 3053 Horu·
1504 3015 1507 3018 ·

330 3097 406 3179 ilua,
436 3099 548 3161 auctor
571 3097 695 3182 culicis,
717 3095 919 3180 Propertius,
949 3095 1125 3180 Iuvenalis,
1149 3117 1261 3161 omnes
1287 3095 1323 3160 hi
1350 3098 1483 3179 praeter

262 3263 263 3266 ,
329 3203 501 3268 Horatium
528 3204 700 3268 rarissime.
744 3203 791 3268 ln
823 3203 935 3286 quinto
968 3202 1047 3286 pede
1076 3206 1109 3266 et
1142 3212 1232 3268 sexto
1261 3179 1483 3288 antiquissiini

330 3331 430 3394 usque
455 3311 495 3374 ad
514 3309 699 3388 Lucretium
724 3309 853 3392 saepius
872 3309 1035 3374 violarunt
1056 3309 1145 3394 leges
1169 3331 1268 3392 supra
1286 3309 1487 3394 propositae,

331 3415 385 3479 sed
414 3419 522 3480 tamen
553 3417 654 3482 multo
682 3416 788 3480 minus
817 3439 913 3500 quarn
938 3400 1066 3498 Graeci,
1094 3436 1268 3500 eorumque
1294 3415 1482 3480 libertatem

331 3522 432 3587 secuti
456 3525 532 3586 sunt
554 3525 680 3588 satirici.
718 3521 764 3587 At
788 3523 940 3605 chqilu'us
956 3509 1127 3604 plusquam
1143 3523 1327 3605 quadragies
1349 3545 1484 3588 versum

329 3630 558 3713 monosyllabo
584 3651 655 3694 oum
678 3629 889 3694 conclusisset
914 3629 1122 3712 praecedente
1145 3631 1218 3714 plus
1242 3651 1338 3714 quarn
1365 3651 1483 3694 mono-

330 3736 469 3820 syllabo,
493 3735 622 3801 Ouidius
644 3734 676 3799 id
698 3737 838 3800 uudecu‘es
865 3735 1005 3800 admisit.
1057 3736 1216 3820 Verqu'lu'us,
1240 3757 1303 3820 qua
1326 3737 1375 3800 est
1397 3758 1482 3801 eura

329 3864 548 3922 numerorum,
572 3865 667 3927 saepe
691 3865 728 3908 eo
756 3843 859 3906 utitur
881 3843 968 3906 exitu
992 3842 1107 3908 adres
1131 3863 1245 3928 graves
1274 3843 1324 3906 vel
1351 3845 1483 3910 atroces

330 3939 568 4029 describendas
596 3949 696 4014 veluti
720 3949 839 4038 aenql,
866 3948 943 4032 1053
967 3947 1008 4033 ΙΙ,
1031 3949 1111 4032 2503
1136 3949 1215 4014 355:

409 4074 466 4138 dat
488 4073 583 4140 latus.
606 4075 788 4160 insequitur
811 4073 938 4139 cumulo
961 4077 1154 4158 praeruptus
1178 4095 1276 4156 uqruc
1299 4095 1393 4140 urous.

346 4244 348 4248 .
410 4181 546 4246 vertitur
568 4180 693 4246 interea
715 4182 839 4266 eaelum
862 4184 895 4244 et
918 4180 982 4244 ruit
1006 4179 1124 4245 Ooeouo
1147 4202 1218 4246 uou.

411 4287 456 4353 sic
480 4287 595 4352 animis
619 4287 770 4354 iuvenum
792 4288 883 4353 furor
906 4287 1043 4360 additus.
1066 4287 1140 4352 inde
1165 4289 1231 4372 tuqui
1253 4307 1323 4365 cua·

330 4411 428 4477 semel
453 4411 551 4478 etiam
574 4412 615 4476 ad
638 4413 833 4478 movendum
855 4413 956 4478 risum
979 4413 1014 4476 in
1038 4434 1146 4499 georg.
1165 4412 1191 4498 I,
1213 4413 1291 4519 lili:
