3260 5292
347 427 391 490 34
837 427 957 481 CAPUT
977 428 1011 480 Π.

346 591 437 676 haec,
460 613 530 676 qua
555 591 746 675 plerumque
767 612 845 654 usus
868 593 919 654 est
939 590 1007 653 ille:

1073 690 1081 708 Ι

625 747 660 754 ,-.
932 746 964 754 -
1055 723 1097 750 ff

625 761 659 781 ΜΝ
714 757 805 780 Ὀ-υ
900 732 1176 796 ΙυΏ-Ὂυυυ-

437 839 610 904 Praetaraa
631 843 741 922 potest
764 839 846 904 solvi
869 839 974 922 prima
996 839 1079 902 arsis
1102 843 1134 901 at
1158 837 1306 918 secunda,
1329 835 1385 900 sed
1408 858 1517 899 num-

350 969 448 1031 quam
472 947 571 1010 tortia
594 951 651 1010 aut
674 951 801 1030 quarta.
844 944 959 1030 Itaque
982 946 1130 1009 oriuntur
1153 946 1274 1028 speeies
1295 944 1371 1008 hae:

351 1319 463 1406 Neque
486 1320 587 1384 habea
606 1319 812 1382 coniunctam
835 1297 1112 1402 utra1uque,uam
1136 1319 1417 1400 v.63001ruptus
1447 1319 1515 1381 est.
1613 1355 1614 1368 ι

438 1425 606 1490 Interdum
639 1427 738 1490 etiam
774 1425 940 1490 invenitur
974 1425 1100 1488 iambus
1129 1425 1231 1506 partis
1264 1424 1396 1486 alterius
1431 1424 1514 1486 loeo

349 1533 565 1618 paenultimo:

809 1645 1024 1670 W-U-U-

349 1727 476 1794 Maiore
499 1749 572 1792 oum
594 1728 727 1792 licentia
749 1728 801 1790 usi
824 1727 886 1792 hoo
909 1733 1013 1792 metro
1036 1725 1142 1790 Varro
1166 1749 1203 1791 ao
1225 1725 1406 1790 Maeoouaa

439 1834 538 1900 Plura
561 1836 601 1898 da
623 1835 737 1900 ionicis
761 1857 781 1897 a
803 1835 922 1900 minori
946 1835 1032 1898 diota
1056 1835 1130 1897 dr.
1152 1856 1194 1897 m.
1217 1834 1381 1897 158-61.

436 1943 492 2006 Ex
513 1943 624 2006 ionicis
640 1963 661 2004 α
679 1943 797 2004 maiori
817 1942 956 2005 maxime
975 1963 1035 2004 noo
1054 1941 1223 2005 advertent
1246 1939 1377 2004 sotadei.
1416 1938 1512 2014 Quo
1614 2003 1615 2006 ,

350 2071 422 2114 rum
446 2049 552 2132 prima
575 2047 699 2132 speciae
723 2069 796 2112 oum
820 2051 863 2111 sit
885 2048 980 2112 haee:

437 2473 553 2540 Potest
580 2477 679 2540 etiam
705 2477 741 2540 in
767 2475 873 2560 primo
900 2476 952 2539 vol
980 2475 1119 2540 seeundo
1147 2455 1223 2539 looo'
1247 2497 1305 2558 por
1332 2474 1507 2540 anaolasin

348 2582 427 2666 poni
450 2581 663 2647 ditrochaeus,
705 2581 767 2647 Sed
789 2583 851 2646 hoo
874 2604 948 2646 raro
971 2583 1018 2646 fit.
1059 2582 1293 2646 Arses'omnes
1316 2581 1391 2645 lieet
1416 2581 1508 2644 solvi

349 2691 480 2772 praetor
499 2689 628 2752 ultimas
648 2687 737 2773 duaa,
761 2689 817 2752 sed
840 2689 873 2751 in
892 2689 1032 2773 siugulis
1050 2688 1187 2771 podibus
1205 2687 1303 2769 senui,
1321 2708 1380 2749 neo
1399 2686 1434 2749 in
1455 2686 1508 2750 di-

347 2795 511 2860 trochaeo.
546 2795 622 2858 Alia
639 2795 797 2880 quaedam
816 2795 855 2858 de
877 2795 940 2860 hoo
958 2799 1062 2859 metro
1081 2798 1197 2859 notata
1215 2795 1244 2858 d.
1258 2817 1284 2858 r.
1298 2816 1340 2856 m.
1355 2813 1409 2876 pg.
1426 2793 1507 2856 161.

872 3048 893 3125 ξ
918 3046 968 3109 17.

438 3167 481 3232 In
500 3169 637 3251 ylyoonoi
658 3175 687 3233 et
701 3169 891 3251 pherecratoi
913 3191 1025 3234 versus
1048 3170 1120 3233 basi
1139 3167 1286 3234 Catullus
1309 3157 1505 3252 plerumque

348 3274 483 3338 adhibet
504 3277 704 3358 trochaeum,
731 3298 805 3340 raro
834 3277 1017 3368 spondeum·
1036 3281 1069 3340 et
1090 3277 1198 3341 miuus
1222 3277 1320 3344 etiam
1343 3275 1504 3339 iambum.

348 3380 463 3466 Itaque
485 3381 565 3446 haec
588 3404 699 3446 eorum
722 3387 773 3446 est
796 3383 933 3466 species:

764 3542 819 3574 vL

765 3631 819 3662 L-

765 3720 832 3758 ιψ
882 3727 1077 3755 ,νυ-υ-

765 3844 817 3876 ul

765 3932 819 3965 L..

765 4021 819 4054 Lu
882 4021 1079 4058 -υυ-υ’

349 4123 472 4190 Contra
496 4127 678 4208 aocopzudei
703 4129 833 4194 moris
860 4131 954 4194 basin
981 4133 1086 4197 voluit
1113 4153 1182 4196 essa
1211 4132 1429 4216 spondiaoam.
1456 4171 1500 4178 —

349 4229 501 4296 Ceterum
521 4235 619 4298 semel
643 4235 679 4298 in
696 4234 905 4318 pherecrateo
923 4237 1081 4303 admissus
1101 4240 1171 4303 looo
1190 4217 1309 4323 dactyli
1333 4240 1501 4322 spondeus

350 4339 417 4422 [61,
434 4341 491 4421 25]

775 4433 925 4497 nutriunt
947 4457 1065 4500 umore.

1613 1731 1615 1874 l

1613 1927 1615 1976 l

1613 2009 1615 2052 l
