3260 5292
838 423 957 480 CAPUT
975 424 1020 478 lll.

529 609 643 670 parum
666 586 847 671 expatravit
870 609 912 652 an
935 609 1051 671 parum
1073 586 1221 651 heluatus
1243 585 1308 651 est?

530 693 686 778 vobisque
708 714 760 776 eqo
781 694 855 777 sim,

356 834 413 936 seel
444 857 510 900 non
543 835 570 899 si
604 836 724 899 antiret
751 833 897 916 dactylus
929 837 980 899 vel
1016 835 1176 920 spondeus
1209 839 1341 920 excepto
1375 834 1512 920 quando

356 941 472 1007 ultima
495 941 623 1024 syllaba
650 946 700 1006 est
730 940 879 1005 anelitioa
910 941 962 1006 vel
994 942 1134 1006 secunda
1161 963 1237 1025 pars
1265 941 1445 1026 compositi
1477 946 1512 1004 ut

234 1055 236 1062 ⁴
356 1049 502 1130 factaque
525 1054 608 1126 aunt,
633 1047 777 1133 quamvis
799 1052 850 1112 est.

446 1155 617 1219 Praeterea
652 1155 730 1218 solis
756 1173 818 1218 esse
845 1156 896 1218 vel
922 1160 1072 1235 salossa,
1099 1154 1186 1240 quod
1213 1158 1264 1219 est
1288 1155 1448 1239 sufficere,
1475 1159 1511 1217 ut

352 1267 481 1346 potesse,
509 1281 598 1343 posse
623 1251 737 1325 melius
765 1283 830 1326 uno
859 1263 956 1326 verbo
987 1261 1139 1326 scribitur
1172 1283 1267 1345 quam
1298 1262 1444 1346 duobus3
1478 1268 1510 1324 et

356 1369 506 1433 similiter
528 1368 717 1432 coaluerunt
738 1369 900 1449 qomodo,
923 1378 1081 1451 anapesto,
1105 1373 1252 1446 tremonia,
1282 1388 1378 1452 saepe
1409 1369 1508 1432 etiam

352 1478 549 1560 priusquam,
571 1479 745 1557 antequam,
766 1475 899 1539 iamiam
922 1473 964 1555 [d.
982 1496 1006 1538 r.
1026 1497 1067 1538 m.
1086 1471 1174 1560 239}
1280 1507 1282 1510 ·
1306 1465 1310 1478 ’

444 1582 494 1647 De
516 1587 640 1646 menta
658 1582 838 1646 accuratius
862 1579 985 1643 dictum
1003 1581 1039 1644 iu
1062 1581 1160 1646 labello
1180 1583 1216 1646 de
1234 1581 1460 1665 orthopraphio
1482 1586 1510 1646 et

351 1691 499 1773 prosodia
522 1689 631 1753 taliae.
677 1687 790 1772 ltaque
819 1687 872 1750 hie
895 1686 974 1750 satis
997 1690 1048 1750 est
1077 1709 1253 1753 memorare
1277 1690 1507 1774 monosyllaba

294 1841 304 1858 .
356 1802 389 1862 et
410 1795 605 1882 pronomina
633 1798 665 1858 et
692 1794 949 1878 praepositiones
978 1796 1010 1856 et
1040 1795 1282 1860 coniunctiones
1306 1798 1438 1878 praeter
1460 1797 1506 1858 in-

355 1903 554 1988 terrogativa
576 1903 645 1984 ques
667 1902 723 1983 qui
747 1899 801 1980 [of.
820 1897 943 1964 Gellius
963 1895 1022 1981 VI,
1047 1901 1082 1984 2,
1108 1903 1172 1984 11]‚
1193 1902 1281 1966 velut
1302 1902 1363 1980 hie,
1388 1904 1432 1980 is,
1457 1903 1505 1984 od,

356 2014 402 2095 iu,
425 2016 465 2094 et,
487 2015 555 2092 aut,
577 2009 636 2091 ael,
658 2009 790 2091 propter
812 2005 1028 2090 frequentiam
1051 2029 1129 2072 usus
1156 2030 1285 2090 gravem
1308 2007 1432 2072 habere
1456 2029 1505 2072 ae·

356 2122 499 2200 eentum,
521 2138 588 2182 non
612 2118 750 2180 acutum.
794 2111 967 2177 Praeterea
990 2112 1030 2177 of.
1053 2111 1083 2177 d.
1102 2136 1126 2177 r.
1145 2136 1186 2178 m.
1209 2115 1380 2179 372-74.

879 2384 899 2461 ἓ
917 2381 975 2490 25.

432 2569 433 2574 ,
466 2517 515 2574 De
537 2513 809 2586 interpunotione
831 2527 996 2569 versuum
1020 2503 1394 2588 [d.r.m.229—241].
1444 2523 1449 2532 ·

417 2632 573 2713 ,Ordinis
596 2631 714 2694 walrici
740 2629 815 2712 pinis
843 2651 916 2694 oum
944 2629 1148 2694 contineatur
1176 2629 1245 2715 lege
1275 2631 1501 2716 eurhytlrmiae

355 2745 389 2806 et
411 2739 604 2824 euphoniae,
629 2740 664 2800 at
685 2737 851 2819 muniant-i,
875 2735 960 2819 quod
983 2735 1116 2800 Russioe
1135 2740 1269 2801 vocatur
1285 2739 1502 2820 predlojtenie,

356 2846 545 2912 Germaniae
581 2849 659 2921 sota,
697 2842 821 2928 logicae
853 2845 1050 2926 temperetur
1085 2865 1211 2928 norma,
1242 2845 1320 2925 fiaes
1358 2845 1448 2911 ellim
1475 2849 1502 2908 el

355 2955 448 3020 taius
471 2953 638 3018 consentire
654 2971 712 3031 per
734 2970 765 3014 se
786 2949 916 3012 minime
938 2954 1059 3030 oportet.

444 3062 556 3146 Itaque
588 3057 670 3122 nihil
704 3058 827 3138 obstat,
858 3077 897 3119 ne
928 3077 1056 3120 caesura
1084 3060 1141 3120 aut
1170 3057 1246 3138 fiais
1272 3079 1375 3123 uersas
1407 3059 1501 3123 eadat

356 3171 390 3232 in
407 3167 665 3249 praepositionem
693 3169 749 3228 out
775 3163 1016 3228 coniunctionem
1043 3185 1140 3248 quam
1164 3164 1325 3228 artissime
1356 3166 1499 3230 iunctam

356 3296 428 3338 oum
452 3270 864 3371 verbistsubsequentibus,
887 3275 924 3334 ut

415 3418 596 3498 nuptarum
618 3415 688 3478 laus
711 3411 898 3477 alaudibus
922 3411 1056 3476 eximiis.
1301 3397 1303 3404 ¹
1552 3435 1556 3444 ·

422 3544 518 3606 quam
543 3521 673 3586 veniens
696 3542 761 3583 una
784 3525 874 3600 alque
896 3519 998 3583 altera
1020 3540 1131 3583 rursus
1154 3518 1290 3602 hiemps

422 3629 532 3694 omnia
555 3648 674 3712 magua
697 3627 847 3711 loquens,
871 3626 966 3690 modo
991 3624 1035 3688 sit
1057 3625 1137 3688 mihi
1160 3647 1273 3691 mensa
1294 3626 1394 3709 tripes
1418 3631 1448 3690 et

334 3727 340 3738 ⁴
421 3736 545 3800 oonoha
568 3734 644 3800 salis
667 3734 748 3818 puri.

443 3876 555 3962 Neque
587 3877 691 3962 magis
724 3879 868 3960 cavetur,
900 3897 940 3940 ne
968 3873 1090 3938 ordinis
1119 3874 1243 3939 metrioi
1275 3875 1347 3940 finis
1378 3875 1497 3941 ineidat

354 3984 465 4048 statim
492 3989 568 4067 post
594 3985 719 4048 finitam
748 3982 942 4048 sententiam
970 3981 1037 4045 sive
1065 3984 1141 4045 ante
1171 3985 1208 4046 ut
1237 3982 1271 4046 in
1294 3981 1346 4046 his
1369 3982 1496 4047 Horatii

354 4100 385 4155 et
413 4090 556 4174 Veryilie':
879 4171 885 4182 ι

466 4215 625 4281 scribendi
648 4219 745 4300 reete3
770 4239 845 4280 nam
869 4219 905 4279 ut
928 4216 1066 4280 multum
1089 4213 1136 4277 nil
1159 4236 1276 4279 moror.
1299 4233 1360 4278 eece

466 4323 633 4407 Crispinus
657 4323 789 4386 minime
812 4345 863 4386 me
887 4325 1050 4406 provocat.

463 4429 704 4515 pulverulentus
727 4451 814 4512 eques
834 4427 839 4516 Ι
857 4430 946 4510 furit.
970 4451 1081 4494 omnes
1106 4451 1197 4492 arma
1219 4426 1395 4513 requirunt.
