3260 5292
585 445 703 504 CAPUT
722 447 769 506 IV.

627 683 646 762 e
670 681 722 745 37.

188 818 351 899 Quantum
373 823 417 886 ad
437 822 573 904 reliquas
589 827 697 904 portes
718 821 901 908 hexametri,
928 823 1107 888 notandum
1132 828 1194 908 est,
1223 825 1250 889 si
1322 869 1326 878 ·

92 926 184 992 adsit
209 949 344 992 caesura
372 928 655 1012 penthemimeres,
683 929 857 995 maximam
885 930 1021 994 inveniri
1045 933 1078 996 et
1103 930 1250 1016 frequen-

92 1033 174 1098 tiam
197 1036 234 1098 et
254 1033 422 1100 audaciam
440 1035 612 1102 elisionum
638 1038 670 1102 iu
689 1036 765 1102 tliesi
776 1037 878 1120 primi
892 1038 980 1118 pedis
998 1042 1026 1101 et
1043 1037 1109 1102 ursi
1126 1039 1250 1104 meandi

93 1145 121 1202 et
145 1141 181 1204 ia
207 1145 270 1205 toto
287 1142 364 1222 pede
386 1147 505 1223 pecario.

185 1245 296 1332 Igitur
318 1249 569 1343 dilipontiaeimas
591 1249 716 1331 quisque
738 1251 926 1332 versificator
948 1249 1115 1314 elisionem
1138 1250 1250 1335 longa-

94 1377 167 1419 rum
193 1354 363 1420 antium
391 1355 575 1420 exeuntium
600 1354 797 1438 syllabarum
822 1355 993 1422 voluerunt
1021 1354 1073 1420 his
1101 1355 1249 1439 partibus

93 1461 281 1528 hexametri
304 1463 338 1526 et
360 1461 487 1545 quidem
512 1462 589 1526 solis
611 1463 784 1546 contineri,
808 1461 864 1528 alii
888 1447 973 1528 certe
996 1463 1031 1528 in
1053 1461 1118 1526 illis
1143 1462 1247 1528 multo

96 1569 230 1652 saepius
251 1589 348 1652 quam
367 1568 401 1632 in
420 1568 551 1653 reliquis
570 1569 738 1635 elisionem
761 1569 931 1655 longarum
952 1569 1059 1634 autin
1078 1589 1110 1634 m
1133 1591 1247 1634 exeun·

95 1673 177 1738 tium
202 1673 430 1740 adhibuerunt.

186 1779 355 1857 Quantum
373 1782 418 1846 ad
434 1781 516 1846 tertii
533 1783 623 1863 poclis
642 1783 725 1866 loyca,
748 1783 846 1866 longe'
864 1781 974 1847 durior
992 1785 1042 1846 est
1059 1783 1151 1848 elisio
1173 1788 1249 1868 post

99 1891 267 1952 caesuram
291 1887 329 1976 h.¹
346 1909 371 1952 e.
400 1888 433 1952 in
461 1886 545 1952 thesi
574 1909 670 1972 quam
698 1889 733 1952 in
757 1909 890 1990 caesura
913 1888 944 1953 h.
968 1911 994 1954 e.
1020 1889 1054 1954 in
1083 1889 1147 1954 arsi
1171 1890 1248 1955 eius.

97 1991 211 2078 ltaque
246 1993 411 2079 eleganter
439 2015 477 2058 ea
509 2016 586 2058 usus
618 1997 669 2060 est
702 1995 854 2078 Vcrpilius
886 1994 927 2060 ad
954 2017 1005 2060 res
1038 1999 1163 2062 atroces
1193 1998 1249 2060 aut

98 2100 310 2174 miraculosae
334 2099 562 2165 describendas
585 2103 622 2164 ut
643 2121 713 2165 aen.
736 2099 778 2184 II,
803 2101 880 2188 7453
905 2101 945 2186 V,
968 2102 1042 2185 693,
1065 2101 1122 2165 94:
1197 2101 1201 2108 '

177 2246 277 2309 quem
300 2245 366 2289 uon
389 2224 533 2289 incusavi
555 2209 667 2289 amens
691 2225 920 2311 hominumque
944 2225 1161 2311 deorumque?

177 2330 234 2395 uix
260 2330 339 2395 haec
358 2328 515 2410 ediderat,
539 2351 608 2396 cam
631 2331 739 2396 effusis
763 2332 895 2418 ignibus
919 2335 991 2397 atra

177 2439 356 2520 tempestas
379 2437 450 2502 sine
473 2458 562 2502 moro
584 2437 673 2502 furit.
773 2475 776 2482 ·

100 2575 166 2642 Nee
190 2579 299 2644 minus
322 2579 511 2645 insecundo
534 2579 610 2646 thesi
632 2578 806 2645 iniucunda
830 2578 921 2643 elisio
945 2579 1062 2664 longae
1086 2581 1136 2644 vel
1159 2581 1193 2644 in
1216 2602 1248 2644 m

101 2687 256 2752 exeuntis.

185 2791 302 2877 Itaque
327 2792 467 2876 alonga
487 2791 615 2886 syllaba
638 2793 672 2856 in
695 2791 780 2858 thesi
803 2791 890 2856 tertii
913 2791 1004 2876 pedis
1024 2791 1170 2857 elidenda
1193 2794 1247 2858 ab·

102 2899 284 2964 stinuerunt
313 2901 459 2963 auctores
487 2897 595 2982 multi,
622 2902 659 2963 ut
686 2898 847 2981 Tibullus,
878 2897 1080 2982 Propertius,
1110 2899 1247 2983 Ovidium,

102 3009 248 3070 unctores
272 3005 490 3090 Priapeorum‚
513 3003 675 3069 Martialis
701 3005 770 3089 alii,
795 3005 833 3069 el.
857 3003 886 3068 d.
910 3027 934 3068 r.
958 3027 999 3068 m.
1023 3005 1100 3088 2993
1129 3005 1169 3069 ab
1194 3005 1247 3070 eli·

102 3111 187 3177 sione
215 3113 332 3198 longae
361 3112 396 3176 in
424 3111 509 3176 thesi
534 3111 664 3180 secundi
687 3109 777 3194 pedis
803 3109 930 3174 Ouidius
953 3109 987 3173 in
1012 3109 1170 3195 distichis,
1194 3111 1246 3176 Ti-

102 3216 206 3284 bullus
228 3222 358 3304 praeter
376 3221 615 3304 pentametrum
632 3218 661 3298 I,
685 3215 719 3301 2,
743 3215 799 3300 58,
822 3215 877 3279 alii
896 3219 1004 3280 autem
1023 3217 1116 3282 multi
1138 3221 1245 3284 aucto-

103 3345 150 3388 res
174 3348 213 3390 ea
237 3348 311 3390 raro
336 3325 509 3391 admodum
532 3323 583 3389 usi
608 3325 696 3407 sunt,
721 3323 759 3388 cf.
780 3322 812 3386 d.
836 3344 860 3385 r.
884 3343 925 3386 m.
950 3323 1023 3387 299.

187 3431 310 3498 Contra
332 3431 366 3496 in
386 3432 450 3497 arsi
469 3431 557 3496 tertii
578 3429 677 3514 pedis,
702 3429 729 3494 si
749 3429 792 3492 sit
804 3427 1062 3513 penitentiam,
1086 3429 1246 3513 Verpilics,

102 3542 226 3604 secutus
252 3536 464 3624 antiquiores,
494 3540 526 3601 et
548 3537 634 3601 hunc
658 3535 776 3600 imitati
800 3535 879 3599 satis
903 3535 997 3599 multi
1020 3537 1246 3620 posteriorum,

103 3645 239 3709 maxime
263 3645 356 3730 epici,
381 3665 475 3728 saepe
499 3642 697 3730 admiserunt
721 3641 899 3726 elisionem,
922 3663 959 3706 ac
982 3642 1188 3725 potissimum
1211 3643 1245 3707 in

104 3749 267 3828 particulis
285 3757 321 3831 et,
339 3773 385 3837 uc,
407 3757 470 3830 out,
488 3755 577 3832 atquc
600 3747 649 3835 (in
672 3747 733 3814 hac
750 3747 902 3812 nimirum
922 3769 993 3812 cum
1013 3749 1147 3814 elisione
1166 3749 1245 3814 fina-

107 3852 158 3941 lis)
181 3859 289 3942 velia
313 3855 607 3942 praepositionibus
630 3857 674 3940 ia,
697 3855 748 3940 ab,
772 3875 809 3919 cc
832 3853 912 3938 aliis,
935 3853 969 3916 in
992 3853 1078 3919 hunc
1101 3855 1245 3921 modum:

224 3983 297 4047 vela
321 3982 443 4046 dabant
465 3981 542 4046 laeti
563 3987 592 4045 et
614 4001 745 4065 spumas
770 3977 850 4044 satis
874 3999 947 4042 aere
971 3977 1123 4088 ruebant,

104 4118 214 4206 ltaque
233 4127 366 4210 apparet
384 4145 439 4188 eos
460 4121 629 4206 studuisse,
648 4125 684 4186 ut
703 4143 784 4207 quae
803 4143 899 4187 sensu
918 4123 1027 4206 aperte
1045 4120 1245 4206 pertinerent

81 4225 143 4289 ·ad
169 4231 328 4312 proxima,
356 4233 441 4296 certe
469 4229 564 4294 metri
591 4227 726 4296 vinculis
751 4227 912 4294 artissime
936 4227 1145 4312 iungerentur
1172 4250 1243 4294 cum
1299 4235 1313 4256 “

107 4337 381 4423 praecedentibus,
403 4357 441 4404 ae
463 4356 606 4404 caesarca
627 4336 674 4402 ab
696 4335 936 4400 imminueretur.
984 4331 1045 4400 Sed
1070 4334 1180 4399 eadem
1207 4336 1244 4400 li-

107 4440 208 4508 centia
231 4445 309 4510 satis
332 4465 407 4510 rara
430 4443 514 4528 apud
539 4442 683 4520 Ovidium
706 4442 836 4526 eiusque
859 4441 1007 4508 asseclas.
1117 4509 1123 4520 ,
1166 4472 1172 4487 ·
