3260 5292
369 457 410 520 12
864 458 982 514 CAPUT
1001 461 1021 515 Ι.

334 621 470 722 ΧΙᾳιπιιη]
500 626 655 706 superant
682 623 885 708 aliquantum
909 625 1093 688 saturarum
1120 623 1324 714 hexametros
1351 623 1522 710 elegantia

248 759 250 766 ·
366 733 399 794 et
418 752 508 795 cura.
558 730 691 794 Horatii
718 733 902 795 saturarum
926 729 1123 814 exemplum,
1154 728 1209 794 sed
1233 729 1357 795 minore
1381 753 1459 797 cum
1485 732 1519 796 li-

365 836 486 920 centia,
509 837 630 902 imitati
654 840 730 902 sunt
752 835 880 901 Persius
905 839 937 900 et
960 836 1132 902 Iuvenalis.
1193 861 1197 874 i
1225 897 1230 902 .

302 983 305 988 -
360 1005 363 1014 ,
461 943 590 1026 Veryiiii
610 943 770 1026 Ovidiiqae
783 965 851 1010 cam
866 945 973 1027 imyeas
988 945 1086 1024 faerit
1102 945 1370 1027 auctoritasopad
1384 947 1522 1028 posteri-

266 1095 269 1101 ,
366 1052 430 1115 oris
453 1053 597 1133 temporis
616 1056 735 1134 poetas,
763 1053 799 1116 di
820 1051 1125 1146 horamtraiiomihm
1147 1052 1281 1116 memma
1303 1055 1522 1135 mammarium

365 1159 551 1224 accuratius.
583 1153 701 1243 'Igitur
729 1158 882 1241 Vcryilias
904 1179 974 1223 cmm
995 1159 1198 1240 mendacrum
1225 1159 1437 1244 mccliimdim,
1467 1161 1521 1225 eii·

365 1267 489 1358 mamam
518 1285 555 1330 ac
580 1267 765 1348 syreircsiam
790 1266 976 1350 frequentia,
1007 1265 1150 1330 tiatorem
1177 1270 1206 1329 ei
1229 1268 1457 1347 modacmram
1489 1268 1522 1331 ai

365 1393 508 1438 caesurae
534 1374 579 1438 oei
615 1374 697 1438 arsis
727 1373 874 1455 yimaliam
905 1392 1032 1437 mamere
1065 1372 1174 1436 darier
1205 1373 1247 1436 sit
1278 1373 1364 1456 iomyc
1396 1355 1520 1452 Ouidio,

326 1481 329 1488 ’
364 1480 445 1544 hamc
477 1485 579 1545 tamem
601 1481 724 1562 pariter
750 1463 851 1560 aicae*
868 1499 971 1543 ommes
993 1483 1103 1561 poetas
1134 1478 1266 1545 Latinos
1292 1485 1419 1562 armarat
1449 1485 1520 1545 arte

364 1587 551 1652 describendi
568 1591 597 1650 ei
614 1587 704 1668 arraei
719 1579 904 1668 'demimyemii
915 1608 974 1668 per
991 1587 1073 1668 ipsos
1090 1586 1248 1669 rhythmos
1265 1609 1314 1654 res
1332 1593 1360 1652 ei
1370 1587 1519 1671 affectas,

364 1715 440 1776 qaas
462 1699 582 1758 marcai.
619 1692 700 1758 Nati
724 1696 801 1757 sunt
823 1694 874 1758 vel
896 1694 1004 1777 pueris
1027 1716 1138 1759 versus
1162 1695 1224 1779 illi,
1248 1695 1363 1779 quibus
1386 1695 1517 1759 mobili-

364 1805 465 1865 tatem
490 1821 602 1866 cursus
621 1801 671 1866 vel
690 1800 812 1864 laboris
833 1800 1019 1865 tarditatem
1039 1802 1261 1886 multiplicatis
1280 1801 1386 1867 reddit
1404 1801 1517 1886 dacty-

364 1909 404 1972 lis
429 1907 496 1973 sive
520 1907 682 1991 spondeis:

432 2050 696 2136 quadrupedante
718 2053 845 2140 putrem
870 2050 979 2115 sonitu
1003 2051 1109 2134 quatit
1132 2027 1255 2135 ungula
1276 2073 1435 2137 campum.

432 2157 480 2221 illi
503 2158 589 2222 inter
612 2178 681 2222 sese
705 2178 824 2242 magna
847 2157 878 2222 vi
902 2156 1052 2228 bracchia
1074 2157 1203 2222 tollunt.

364 2299 462 2366 Plura
494 2299 610 2364 talium
641 2299 833 2364 facetiarum
860 2299 1006 2382 exempla
1034 2299 1141 2364 adlata
1169 2304 1246 2365 sunt
1269 2323 1288 2364 a
1316 2300 1410 2366 nobis
1437 2322 1514 2386 pgg.

367 2407 585 2491 140,11.n.
1015 2388 1020 2398 '

398 2555 403 2564 ·
454 2513 541 2579 Idem
566 2519 668 2579 tamea
687 2517 854 2595 imcrdam,
877 2515 1021 2580 Eaaiam
1038 2520 1168 2593 seratas,
1191 2517 1273 2580 celat
1290 2516 1514 2598 yrammaticas

364 2625 440 2686 esset
461 2625 489 2684 ei
510 2641 573 2684 mom
589 2625 696 2706 poeta,
718 2621 851 2687 Homeri
873 2623 1009 2687 maaime
1031 2623 1203 2688 imitatione
1225 2624 1354 2689 militas
1376 2623 1515 2708 iodahyei

362 2727 492 2808 facetiis
548 2725 676 2792 Ouidius
708 2730 887 2812 casiiyaiior
914 2730 1000 2812 lorye
1026 2733 1055 2792 et
1081 2730 1232 2814 limatior,
1259 2737 1288 2795 et
1318 2730 1513 2795 iicmiiarmm

364 2835 499 2899 cuiusuis
523 2836 644 2917 ymerii
670 2836 766 2901 maiia
794 2838 899 2901 mimas
919 2837 1046 2920 patieris
1059 2857 1166 2920 ¹cymam
1188 2838 1248 2902 ilic.
1293 2837 1407 2922 Itaque
1429 2836 1514 2900 nihil

364 2923 663 3025 venustiuspotest
682 2943 819 3028 cogitari
839 2943 976 3029 singulis
994 2943 1141 3008 versibus
1161 2943 1339 3022 Ouidiamis,·
1364 2943 1419 3018 sed
1439 2965 1512 3008 con-

364 3037 473 3114 tinuos
497 3069 570 3112 cum
590 3049 726 3134 legimus
745 3050 879 3133 multos,
901 3050 974 3134 ipsa
993 3049 1188 3134 aequalitate
1208 3072 1319 3116 aarum
1336 3049 1512 3134 fatigamur

364 3155 535 3240 taedioque
559 3155 726 3221 afficimur.
984 3229 1003 3250 l
1481 3163 1493 3231 j

453 3263 585 3344 lyricae
615 3263 723 3346 poesis
752 3267 821 3328 arte
849 3264 955 3329 cultae
986 3285 1059 3329 cunr
1091 3266 1166 3328 ante
1198 3263 1340 3348 Augusti
1371 3266 1511 3328 aetatem

366 3369 514 3452 exempla
536 3357 603 3434 non
626 3370 764 3436 fuissent
786 3371 850 3434 nisi
874 3367 996 3434 Catulli
1023 3371 1168 3435 carmina
1197 3372 1336 3454 paucula
1359 3374 1391 3434 et
1414 3391 1511 3454 quae-

365 3475 440 3539 dam
463 3474 600 3540 fortasse
624 3476 737 3543 Laevii
763 3478 970 3561 polymetron
993 3473 1083 3562 (nam
1115 3477 1346 3563 erotopaegnia
1369 3477 1510 3544 eiusdem
1546 3494 1548 3500 ’

365 3605 432 3647 non
454 3583 560 3667 magis
587 3583 718 3648 fuerunt
744 3584 846 3668 lyrica
875 3583 1018 3648 carmina
1046 3606 1141 3669 quam
1165 3585 1270 3668 opica,
1296 3583 1352 3648 sed
1369 3579 1510 3668 idyllia),

364 3690 440 3755 huic
472 3690 602 3755 obviam
630 3689 670 3754 iit
697 3690 901 3756 incommodo
924 3691 1107 3776 litterarum
1131 3691 1320 3756 Latinarum
1347 3690 1510 3754 Horatius.

366 3795 428 3872 Qui
452 3797 527 3862 dum
551 3797 637 3864 viam
661 3797 724 3862 sibi
747 3798 852 3862 munit
872 3797 912 3862 ad
931 3796 1045 3880 poesin
1068 3797 1219 3882 lyricam,
1242 3799 1382 3868 imitatas
1399 3795 1510 3861 Archi-

366 3903 485 3969 loclmm
499 3904 632 3969 Parimm
650 3905 769 3969 librum
789 3903 981 3986 conscripsit
998 3905 1122 3987 epodom,
1141 3904 1196 3988 qui
1214 3908 1343 3987 praeter
1360 3903 1509 3968 ultimum

365 4014 516 4076 constant
532 4011 729 4096 systematis
762 4011 912 4076 binorum
940 4034 1097 4076 versuum·
1118 4011 1249 4075 iambici
1278 4012 1329 4076 vel
1359 4009 1509 4094 dactylici

288 4173 294 4184 .
365 4117 500 4182 numeri.
545 4115 594 4182 De
617 4141 654 4184 eo
678 4119 725 4182 ita
747 4118 847 4181 refert
869 4118 938 4202 ipse
962 4120 1024 4202 [ep.
1047 4117 1076 4202 I,
1103 4119 1157 4204 19,
1181 4118 1223 4182 23
1239 4120 1337 4202 sqq.]·:

857 4259 970 4325 Parios
994 4280 1054 4345 ego
1078 4259 1201 4344 primus
1225 4260 1349 4324 iambos

477 4367 604 4432 ostendi
626 4367 720 4432 Latio
744 4390 895 4434 numeros
919 4368 1108 4454 animosque
1132 4372 1260 4435 secutus

477 4473 678 4560 Archilochi,
701 4498 768 4541 non
791 4499 841 4541 res
865 4479 898 4542 et
920 4477 1051 4562 agentia
1074 4477 1173 4542 verba
1196 4475 1391 4562 Lycamben.
