3260 5292
223 432 226 436 .
315 391 334 454 g
368 447 377 459 κ
807 389 927 444 curun
946 389 966 442 1.

313 552 393 640 cuit)
427 556 459 617 et
487 552 716 618 homoeoteleuto
744 549 792 639 (id
819 551 953 616 Russice
982 551 1099 616 dicitur
1127 551 1237 636 ritbm,
1271 549 1467 616 Germanice
1508 591 1525 612 e

312 655 413 744 reim),
437 657 584 742 quodne
609 657 740 737 Graecis
765 659 893 744 quidem
916 659 979 724 fuit
1006 659 1202 743 infrequens,
1242 657 1287 722 Et
1309 658 1468 724 homoeo-

314 767 459 830 teleuton
483 765 624 850 quidem,
652 763 738 849 quod
760 765 949 850 plerumque
972 764 1188 830 adhibebatur
1211 764 1245 828 in
1267 785 1401 828 caesura
1429 769 1468 828 et

314 873 377 936 fine
402 893 522 956 versus,
544 872 683 936 maxime
706 872 828 954 placuit
857 872 892 936 in
915 871 1066 936 finalibus
1085 870 1336 956 monosyllabis,
1360 875 1468 935 velut:

574 1017 606 1078 et
627 1016 738 1078 teneat
760 1013 838 1078 culti
860 1014 972 1100 iugera
995 1013 1100 1088 multa
1125 1013 1203 1090 soli;
1280 1048 1284 1054 ·

316 1157 422 1221 minus
445 1111 548 1220 multo
571 1157 606 1220 in
628 1157 780 1221 finalibus
804 1115 973 1240 disyllabis
997 1157 1096 1221 velut:

425 1299 510 1383 quod
534 1299 657 1364 caelum
680 1300 799 1384 struas*
814 1301 865 1364 tot
887 1297 986 1362 habet
1008 1302 1066 1363 tua
1088 1299 1193 1364 Roma
1214 1299 1346 1383 puellas

318 1442 385 1506 sive
408 1441 471 1506 hoc
493 1441 609 1506 mavis:

429 1605 495 1648 non
518 1584 597 1647 satis
621 1585 673 1648 est
695 1583 830 1666 pulchra
853 1604 922 1647 esse
945 1586 1109 1668 poemata:
1134 1583 1239 1647 dulcia
1261 1587 1363 1667 sunto,

433 1693 465 1752 et
488 1711 688 1775 quocumque
711 1689 827 1754 volunt
849 1689 993 1753 animum
1018 1687 1173 1754 auditoris
1197 1695 1319 1773 opunte.

408 1833 494 1900 Hine
516 1855 582 1898 non
612 1833 677 1896 iam
701 1832 762 1896 erit
785 1817 922 1915 mirumi
944 1831 1030 1917 quod
1058 1835 1126 1896 tam
1151 1853 1247 1916 saepe
1276 1832 1309 1896 in
1334 1855 1472 1898 caesura

320 1945 353 2006 et
384 1943 448 2006 fine
481 1963 592 2007 versus
625 1939 825 2004 collocantur
853 1938 1094 2004 substantivum
1127 1942 1160 2004 et
1191 1939 1383 2006 adiectivum
1404 1931 1472 2004 'vel

322 2048 469 2113 invicem.
495 2084 533 2094 -
559 2045 821 2112 Homoeoteleuti
844 2067 922 2111 usus
948 2047 1068 2110 mansit
1090 2047 1125 2111 in
1144 2047 1230 2112 omni
1247 2047 1468 2114 Romanorum

320 2153 411 2238 poesi
427 2156 459 2216 et
477 2153 551 2218 inde
566 2152 659 2216 fluxit
677 2152 712 2216 in
725 2152 865 2236 hymnos
881 2153 1140 2218 christianorum.
1178 2153 1299 2220 Contra
1313 2155 1472 2218 allittera-

321 2260 419 2326 tionis
444 2282 611 2325 moseum
638 2258 730 2324 valde
758 2258 936 2342 placuisset
959 2260 1193 2345 antiquissimis
1218 2261 1403 2327 auctoribus
1430 2264 1472 2324 ut

320 2368 452 2453 Plauto,
475 2367 598 2451 Ennio,
625 2365 764 2450 Lucilio,
791 2365 950 2446 Lucretio,
978 2368 1081 2433 rarior
1107 2367 1223 2434 fuisset
1250 2368 1334 2453 apud
1362 2366 1472 2432 Catul-

321 2476 388 2538 lum
408 2478 440 2538 et
464 2475 641 2558 Verqiliurn,
664 2473 704 2536 ab
720 2471 860 2547 ¹Horatio
880 2475 913 2537 et
933 2471 1041 2538 Ouidio
1061 2477 1093 2538 et
1110 2475 1344 2559 posterioribus
1363 2475 1471 2558 poetis

322 2582 462 2672 abicitur
477 2581 614 2668 praeter
636 2579 792 2645 formulas
821 2579 976 2663 quasdam
1004 2581 1177 2646 verborum
1204 2584 1241 2646 ut
1262 2602 1345 2646 rnore
1364 2574 1473 2646 ruodo·

321 2711 378 2772 que
402 2692 458 2754 aut
480 2688 521 2752 ad
541 2686 733 2752 cumulanda
753 2708 937 2770 synonyma
960 2691 1018 2752 aut
1040 2690 1077 2752 ut
1100 2689 1246 2754 luderent
1264 2689 1379 2753 verbis.
1420 2688 1472 2753 of.

323 2797 352 2860 d.
375 2819 400 2861 r.
423 2819 464 2860 m.
486 2815 540 2880 pg.
563 2793 639 2877 453,
662 2793 692 2858 4.
741 2791 873 2858 Dictum
901 2793 939 2857 de
968 2793 1201 2860 allitteratione
1224 2799 1257 2860 et
1280 2796 1437 2874 ,homoeot
1458 2834 1471 2843 -

322 2904 411 2968 leuto
434 2901 510 2967 ibid.
534 2921 587 2986 pg.
610 2899 797 2966 452—459.

859 3032 881 3159 vs
903 3080 934 3144 4.

369 3257 370 3260 κ
414 3220 511 3288 Anno
545 3221 610 3286 240
642 3243 670 3284 a.
699 3218 772 3285 Chr.
806 3221 929 3306 primus
958 3215 1068 3288 Irinius
1095 3223 1295 3309 Andronicus
1325 3225 1473 3290 fabulam

324 3330 433 3394 docuit
455 3328 632 3412 palliatam.
678 3328 743 3392 Hic
769 3328 871 3413 igitur
894 3333 922 3392 et
948 3329 1002 3410 qui
1028 3331 1122 3395 secuti
1148 3337 1221 3406 sunt
1248 3353 1316 3397 urna
1340 3333 1475 3398 scaenici

324 3439 367 3502 ud
380 3437 534 3502 Ciceronis
551 3456 646 3517 usque
668 3440 804 3520 oemteur,
823 3435 971 3499 abdicato
990 3458 1123 3502 numero
1142 3437 1304 3524 Saturnio,
1321 3461 1357 3504 ex
1374 3439 1472 3504 Grae-

223 3623 227 3636 .
327 3567 437 3610 eorum
456 3543 547 3627 poesi
565 3542 690 3626 tragica
709 3545 741 3606 et
760 3542 882 3607 comica
901 3544 1136 3618 transtulerunt
1154 3547 1188 3610 in
1205 3546 1356 3612 Latinam
1373 3551 1475 3611 metra
1561 3535 1568 3554 ’

328 3649 470 3736 iunium,
494 3649 656 3727 trochaico,
679 3640 889 3734 anapaestico}
913 3650 1085 3735 beroniaco,
1108 3655 1230 3738 metuo,
1253 3659 1282 3718 et
1303 3655 1473 3736 aliquando

326 3759 476 3842 dactylico
495 3753 546 3842 (ut
563 3759 673 3820 tamen
692 3755 773 3820 haee
792 3759 899 3821 essent
913 3755 1102 3843 rarissima).
1133 3759 1191 3824 His
1210 3760 1356 3844 equidem
1372 3760 1474 3826 omni·
1513 3825 1515 3828 .

326 3867 396 3950 bus,
419 3867 547 3949 praeter
571 3863 740 3948 dactylica,
764 3867 796 3927 et
814 3886 964 3928 versuum
987 3865 1158 3950 generibus
1178 3867 1275 3932 variis
1300 3854 1472 3932 admodum
1573 3900 1576 3913 =

328 3975 360 4038 et
386 3970 639 4036 multiformibus
667 3991 744 4034 usus
768 3972 818 4034 est
840 3969 989 4055 Planina,
1017 3971 1068 4036 eui
1091 3973 1229 4037 multum
1253 3973 1337 4039 cedit
1362 3975 1472 4038 Teren-

328 4082 390 4145 tius
413 4077 599 4142 diversitate
622 4098 844 4161 numerorum,
872 4079 909 4141 ut
932 4079 1041 4142 tamen
1065 4078 1108 4142 sit
1137 4081 1282 4164 superior
1305 4080 1474 4166 diligentia

320 4192 360 4253 ,et
379 4209 464 4252 cura.
498 4185 667 4268 Omnesque
684 4185 816 4274 scaenici
833 4185 944 4248 Latini
961 4186 1062 4268 napis
1079 4188 1236 4270 unumque
1253 4189 1394 4253 uidentur
1407 4188 1474 4251 ium

326 4294 510 4359 abstinuisse
527 4276 549 4357 u
566 4293 769 4378 πολυμετρίᾳ
787 4290 907 4369 Plauti,
926 4293 963 4354 ut
977 4289 1131 4357 Ciceronis
1153 4299 1250 4358 astute
1270 4291 1361 4378 (nam
1379 4313 1474 4374 usque
1531 4331 1533 4336 -

327 4399 469 4464 adhunc
493 4398 622 4464 duravit
650 4398 685 4462 in
714 4419 831 4464 scaena
853 4418 919 4464 rnos
942 4399 1113 4481 prorniscue
1135 4401 1299 4467 adhibendi
1326 4401 1474 4483 spondeos
