3260 5292
329 407 373 471 32
820 405 939 464 CAPUT
959 407 993 462 ll.

330 592 461 636 oausam
490 590 589 654 supra
617 568 737 634 dictam
760 590 832 634 eum
852 569 965 654 quinto
993 570 1027 632 in
1055 570 1135 652 pede
1161 570 1306 635 admittit
1330 571 1499 654 frequen-

329 677 466 742 tissime.
1372 690 1375 700 ¹

417 781 467 848 De
490 783 675 866 anapaestis
698 805 758 867 pro
781 783 891 848 iambo
915 782 1068 848 adhibitis
1093 782 1244 874 subtilius
1263 786 1313 848 est
1335 783 1498 867 disputa·

327 893 399 954 aum
423 889 451 952 a.
474 911 499 953 r.
523 910 564 952 m.
588 888 775 970 rao-154.
1600 862 1601 885 ¹

414 994 579 1060 Phaedrus
605 997 717 1060 'autem
747 995 845 1060 etiam
876 996 909 1060 in
941 995 1074 1079 paribus
1107 995 1242 1078 pedibus
1270 995 1373 1060 utitur
1408 1017 1499 1060 ana-

330 1104 443 1186 paesto
467 1123 526 1185 pro
550 1102 708 1186 spondeo,
731 1103 872 1170 maxime
895 1105 1005 1168 ta‘men
1026 1103 1099 1168 loco
1123 1101 1235 1186 quinto
1265 1099 1498 1188 (sicquidem

329 1213 366 1272 ut
391 1207 481 1272 curet
503 1231 544 1274 ne
569 1231 721 1294 umquam
742 1209 804 1274 duo
829 1209 1057 1274 continuentur
1080 1206 1271 1295 anapaest'),
1294 1211 1326 1272 ct
1348 1212 1499 1292 praeter

328 1314 466 1399 primum
499 1315 564 1380 fere
593 1316 706 1382 eodem
734 1315 830 1381 modo
862 1319 900 1380 ut
927 1314 1087 1399 dactylici.
1133 1313 1180 1378 Of.
1207 1313 1291 1398 p.X
1318 1315 1496 1399 prooemii

330 1422 377 1486 ed.
401 1422 543 1488 maioris.

360 1577 367 1586 .
415 1528 543 1593 Solatur
565 1531 648 1594 ursis
670 1530 803 1594 licentia
825 1551 865 1593 ne
889 1530 1078 1614 exundaret,
1106 1533 1142 1593 ut
1165 1528 1250 1613 apud
1272 1527 1431 1593 Phaestum
1460 1531 1499 1592 et

327 1636 519 1714 Terentium,
548 1637 671 1720 placuit
699 1659 771 1701 eam
794 1637 861 1702 fere
889 1637 1047 1701 contineri
1070 1636 1176 1702 verbis
1199 1635 1333 1718 talibus,
1361 1634 1493 1718 quibus

325 1742 421 1806 aliter
443 1763 508 1807 non
527 1743 639 1808 liceret
657 1744 779 1808 intrare
799 1743 833 1808 in
853 1746 994 1808 metrum
1014 1743 1187 1808 iambicum
1202 1742 1253 1807 vel
1268 1741 1494 1824 trochaicum,

321 1850 359 1912 ut
382 1849 479 1931 puta:

484 1972 616 2038 attubus
640 1977 736 2058 atque
759 1975 892 2040 euutbus
915 1974 1104 2040 homicidam
1126 1973 1308 2038 Hectorem.

485 2100 648 2163 urnasque
671 2079 793 2144 frustra
815 2079 1001 2145 Danaidum
1027 2081 1139 2164 plenas
1164 2081 1256 2165 gerit.

325 2203 430 2268 Multo
453 2203 556 2268 rarius
580 2203 740 2268 vocabula
763 2204 966 2288 pyrrichiaca
989 2204 1024 2283 in
1047 2205 1112 2270 arsi
1134 2207 1308 2288 ponuntur,
1331 2207 1367 2266 ut
1405 2207 1417 2265 .’

680 2331 732 2391 ast
753 2349 806 2410 epo
827 2328 988 2393 vicissime
1012 2330 1128 2412 risam,

326 2451 441 2517 deinde
466 2452 548 2516 arsis
576 2451 740 2516 rarissime
762 2452 897 2516 duorum
921 2454 1092 2518 verborum
1116 2453 1263 2536 partibus
1287 2451 1488 2534 continetur,

325 2563 365 2623 ut
388 2557 475 2642 apud
498 2555 653 2622 Senecam

522 2682 677 2766 quidquid
698 2703 755 2767 ego
780 2647 858 2769 fugi.
887 2706 954 2748 non
978 2683 1039 2748 erit
1061 2683 1172 2748 veniae
1195 2682 1295 2766 locus,

325 2807 454 2890 praeter
476 2806 632 2870 formulas
652 2806 810 2890 quasdam
829 2808 999 2873 verborum
1022 2811 1059 2872 ut
1081 2809 1158 2890 quid
1174 2807 1250 2890 uuis,
1269 2807 1344 2888 quid
1365 2807 1485 2888 lcitum

327 2913 471 2977 omnium
498 2912 631 2976 minime
660 2914 723 2978 duo
753 2914 980 2998 monosyllaba
1008 2936 1073 2978 una
1102 2913 1167 2977 arsi
1190 2913 1412 2994 includuntur,
1444 2917 1486 2976 ut

325 3042 366 3083 ne
391 3017 513 3084 Seneca
541 3015 670 3102 quidem
697 3019 732 3082 in
761 3023 853 3085 tanto
881 3041 1015 3084 numero
1043 3041 1192 3083 versuum
1222 3019 1349 3100 saepius
1379 3039 1504 3102 quam,

327 3125 378 3222 bis
412 3130 445 3189 et
477 3124 606 3209 quidem
638 3125 673 3188 in
709 3126 949 3209 praepositione
986 3125 1049 3190 hoc
1081 3125 1249 3190 admiserit
1280 3123 1369 3205 [Oed.
1399 3125 1484 3210 3303

326 3231 421 3296 Herc.
445 3231 514 3296 Oet.
539 3231 655 3312 1441]:

474 3355 628 3439 quidnam
651 3355 787 3441 loquar?
811 3359 887 3420 sunt
910 3356 980 3420 dira
1002 3357 1056 3421 scd
1076 3357 1111 3421 iu
1134 3357 1201 3420 alto
1225 3355 1319 3419 mala.

476 3460 659 3545 quidhoc?
683 3463 754 3546 quis
779 3485 869 3526 axem
893 3463 994 3527 cludit
1016 3469 1044 3527 et
1063 3463 1104 3528 ab
1127 3463 1206 3546 ipsis
1229 3466 1329 3546 pater.

329 3584 502 3650 Praeterea
528 3590 645 3669 poetae
667 3608 736 3650 non
763 3587 872 3651 solent
894 3587 1066 3651 verborum
1089 3588 1123 3651 in
1151 3587 1313 3670 dactylum
1342 3588 1393 3650 vel
1423 3589 1485 3652 tri-

327 3693 483 3756 brachum
502 3693 688 3757 exeuntium
710 3693 924 3759 finales'duas
943 3716 1062 3778 ponere
1087 3695 1146 3759 sub
1171 3695 1279 3777 ictum,
1302 3716 1418 3776 parum
1444 3699 1486 3757 ut

327 3798 456 3892 placeat
478 3821 588 3864 versus
612 3800 703 3864 talis:

540 3924 692 4006 opprimit
713 3927 746 3988 et
767 3925 859 3987 illum
884 3925 981 3988 sortis
1004 3925 1138 3988 immitis
1155 3924 1262 4009 dolor,

328 4050 361 4108 et
383 4045 489 4108 minus
514 4046 612 4134 etiam
634 4047 684 4110 hi:

523 4165 599 4252 quid
622 4170 796 4236 bracchia?
820 4171 900 4237 illud
924 4173 1029 4238 dicere
1050 4173 1133 4240 uolui
1155 4174 1269 4238 femur.
1381 4166 1383 4172 ’

391 4333 393 4337 .
522 4275 746 4358 Aristophanis
768 4278 884 4361 ingens
908 4280 1007 4344 micat
1030 4280 1184 4344 sollertia,

317 4397 476 4462 'Omnium
504 4399 691 4483 saepissime
707 4401 754 4478 in
780 4403 885 4484 primo
913 4403 1021 4468 iambo
1046 4405 1226 4468 admittitur
1250 4403 1356 4468 soluta
1380 4404 1474 4485 arsis,

677 4501 681 4509 =
708 4489 711 4506 ²
782 4499 787 4522 ι
