3260 5292
291 519 296 528 Ι
334 433 376 496 76
812 432 930 490 CAPUT
949 436 997 492 IV.

332 618 427 680 nemo
459 599 574 679 postea
606 619 706 682 usque
739 596 779 662 ad
808 596 1001 662 Iuvenalem.
1056 595 1170 680 Itaque
1197 618 1213 664 s
1243 573 1368 681 impuri
1403 596 1480 661 alibi

332 705 462 792 tantum
495 702 677 770 admittitur
709 703 743 768 in
776 725 813 768 eo
847 704 918 769 loeo
947 705 1055 786 metri,
1087 705 1141 770 ubi
1168 704 1301 788 perinde
1330 703 1422 768 brevi
1450 705 1482 768 et

332 812 450 895 longae
473 811 578 893 loeus,
604 814 641 874 ut
664 810 750 894 apud
773 809 945 875 Horatium
969 810 1060 894 epod.
1086 812 1124 876 ll
1132 862 1141 894 ‚
1164 812 1222 876 26:
1295 831 1297 834 ·

621 917 728 980 levare
751 911 843 982 tentia
864 916 978 998 spiritu
1000 917 1197 1002 praecordia.

422 1024 526 1090 Aliter
553 1023 664 1107 paullo
687 1045 738 1088 res
766 1023 865 1088 habet
892 1022 1281 1110 intermiseramus,
1309 1029 1346 1090 ut
1370 1029 1480 1090 tamen

334 1133 432 1198 etiam
448 1131 482 1196 in
496 1131 546 1196 hie
561 1130 654 1194 multi
669 1129 771 1214 (velut
785 1129 950 1214 Horatiae,
963 1129 1106 1217 Persius)
1122 1131 1323 1201 abstinerent
1337 1132 1378 1198 ab
1395 1131 1481 1196 omni

333 1238 476 1304 lieentia.
521 1237 572 1301 Ex
600 1236 731 1320 reliquis
759 1233 945 1320 Propertius
968 1235 1049 1302 dixit
1077 1236 1138 1320 IV,
1164 1239 1219 1324 19,
1242 1241 1283 1303 21
1307 1239 1482 1304 amandati

332 1345 447 1430 Scylla,
466 1345 521 1410 alii
535 1343 665 1429 quidam
685 1347 721 1408 ut
736 1341 857 1414 Seneca
871 1364 907 1408 ae
921 1343 1083 1409 luvenalis
1100 1345 1273 1430 aliquando
1289 1350 1445 1430 sequente
1457 1367 1482 1430 r,

335 1476 416 1539 quae
436 1451 572 1536 quidem,
591 1453 627 1514 ut
642 1469 759 1514 nuner
776 1449 1071 1536 Franeogallorum,
1090 1452 1146 1517 illo
1165 1453 1378 1537 temporevix
1396 1453 1481 1544 aliud

334 1561 473 1627 sonabat
491 1559 524 1622 in
542 1557 635 1622 initio
655 1556 825 1622 verborum
845 1579 942 1642 quam
961 1579 985 1642 s,
1008 1558 1181 1642 positionis
1199 1559 1305 1645 legem
1325 1581 1481 1643 sprevere,

334 1667 442 1751 plures
470 1665 504 1728 in
531 1664 582 1728 his
610 1663 714 1727 tribus
744 1663 852 1749 eisque
881 1665 958 1730 solis
987 1665 1165 1732 vocabulis:
1197 1665 1389 1752 Zdeyrrtlms,
1413 1666 1482 1730 Sed·

335 1773 485 1837 mar'rdras
508 1769 557 1858 (in
580 1770 630 1835 his
648 1771 753 1836 secuti
772 1769 974 1857 Homerum),
996 1772 1180 1856 smdrapdas
1203 1773 1269 1837 sive
1291 1773 1482 1856 rmdraqdas,

333 1901 414 1964 quae
434 1879 527 1951 aliter
545 1900 611 1942 non
634 1880 772 1960 possunt
790 1878 911 1942 intrare
930 1878 965 1942 in
983 1883 1119 1944 metrum
1141 1879 1344 1964 dactylicum,
1367 1883 1406 1944 ut
1423 1880 1480 1944 Lu-

334 1986 465 2070 cretius,
488 1983 647 2069 Catullus,
671 1983 832 2068 Tibullus,
861 1983 1027 2070 Verminae,
1052 1985 1193 2066 Ovidius,
1218 1987 1273 2071 qui
1297 1987 1428 2071 quidem
1450 1987 1480 2051 in

333 2077 515 2158 halieutieis
544 2091 641 2156 etiam
659 2091 750 2155 «dixis
778 2091 968 2176 lamprosqai
990 2095 1175 2179 amarisque,
1205 2117 1401 2180 quamquam
1425 2116 1479 2178 pro

333 2199 525 2266 Scamandro
555 2198 707 2282 Verqilr‘m
731 2197 845 2263 maluit
868 2198 972 2263 dicere
996 2199 1169 2266 erllmm.

335 2387 342 2402 ι
423 2303 491 2370 Oet.
515 2307 554 2370 ef.
578 2306 654 2371 dr.
678 2329 720 2370 m.
744 2305 940 2382 316-319.

862 2504 882 2581 e
905 2501 957 2564 44.

423 2627 558 2691 Prodest
587 2627 686 2690 breves
714 2626 824 2708 duales
851 2625 1041 2708 sequentibus
1067 2628 1207 2692 eoasoms
1234 2628 1368 2712 strabae,
1400 2623 1480 2710 quod

333 2735 420 2818 apud
446 2734 619 2798 Homerum
650 2737 700 2796 est
727 2731 1037 2816 frequentissimum,
1069 2735 1155 2816 apud
1179 2733 1338 2799 Romanos
1369 2739 1412 2798 est
1434 2753 1479 2796 ra-

334 2841 502 2906 rissimam.
553 2838 665 2904 Veluti
692 2860 868 2922 numquam
895 2839 957 2903 hoe
982 2839 1138 2904 admisere
1166 2839 1348 2924 Lueretius,
1383 2839 1478 2920 Veryi-
1504 2859 1506 2866 ·

335 2947 406 3029 liae,
424 2947 589 3029 Horatius,
608 2944 804 3029 Propertius,
825 2944 960 3010 Ovidius.
998 2944 1121 3010 Tamen
1140 2947 1303 3011 invenitur
1321 2946 1478 3012 interdum

334 3052 414 3116 haee
432 3052 578 3135 lieentia,
602 3052 739 3116 maxime
758 3052 794 3115 in
813 3052 877 3116 arsi
896 3054 929 3115 et
948 3056 1133 3135 sequentes
1155 3054 1291 3136 impura.
1328 3053 1381 3122 lta
1399 3050 1478 3136 apud

335 3157 478 3224 Ennium
511 3159 545 3222 in
579 3159 749 3224 annalibus
782 3158 919 3243 legimns
952 3156 1106 3242 ‘populea
1135 3158 1222 3240 fmrs'
1257 3164 1289 3225 et
1322 3159 1479 3226 ‘stabilia

334 3264 487 3350 seamrm',
514 3266 599 3350 apud
623 3264 785 3331 Catullum
810 3267 908 3330 semel
930 3266 965 3330 in
987 3266 1183 3330 hexametris
1208 3267 1278 3351 [64,
1304 3269 1396 3349 186]:

633 3373 725 3438 nulla
746 3373 844 3457 fugae
867 3371 965 3456 ratio,
989 3371 1080 3436 nulla
1101 3393 1185 3454 spem

155 3511 156 3520 ¹
260 3550 262 3554 ,
337 3483 369 3543 et
388 3465 506 3563 septies
525 3479 559 3543 in
578 3480 690 3544 metris
712 3477 907 3564 logaoedieis
932 3479 982 3543 vel
1000 3477 1148 3543 iambicis
1167 3476 1221 3563 (ef.
1241 3479 1312 3543 d.·r.
1333 3501 1374 3543 m.
1394 3474 1478 3560 320),

337 3586 473 3670 denique
497 3585 583 3669 apud
601 3585 763 3650 Tibullum
788 3585 817 3669 l,
841 3584 875 3666 5,
898 3585 954 3670 283
978 3584 1007 3669 I,
1031 3585 1065 3668 6,
1086 3585 1132 3648 34
1156 3583 1230 3669 ‘pro
1251 3588 1357 3668 segem
1374 3585 1477 3666 spicas,

336 3704 475 3775 servaro,
496 3691 644 3773 frastra'.
682 3683 741 3756 'lta
764 3691 913 3756 nonnulli
937 3713 1016 3756 saec.
1041 3713 1071 3774 p.
1095 3688 1169 3756 (lhr.
1192 3689 1208 3753 I
1232 3695 1360 3776 poetae,
1385 3685 1477 3754 etiiam

337 3798 419 3881 epiei
445 3801 482 3863 ut
503 3797 667 3884 Lueauus,
695 3797 806 3882 Silius,
834 3795 971 3882 Statius,
998 3819 1095 3882 porro
1120 3795 1240 3862 Seneea
1263 3797 1297 3861 in
1319 3794 1477 3875 trimetris,

338 3904 474 3988 denique
495 3904 656 3971 Martialis
680 3927 716 3970 ae
739 3904 915 3986 luvenalis,
938 3905 994 3969 sed
1017 3904 1135 3988 ubique
1158 3903 1331 3969 rarissime.

358 4053 367 4063 .
426 4008 493 4075 oet.
517 4011 556 4077 of.
580 4013 609 4076 a.
632 4035 657 4078 r.
681 4035 721 4078 m.
746 3994 942 4077 ere-321.

425 4118 549 4183 Morem
569 4140 585 4183 s
605 4118 760 4183 abiciendi
779 4117 813 4182 in
831 4118 984 4184 finalibus
1003 4121 1032 4184 ie
1052 4121 1085 4182 et
1103 4119 1140 4184 ds
1159 4121 1312 4203 sequente
1332 4134 1476 4192 consone,

338 4225 423 4308 apud
446 4224 598 4290 Plautum
621 4229 654 4289 et
676 4223 862 4292 Terentium
890 4224 1108 4310 frequentem,
1136 4225 1276 4290 servavit
1297 4221 1422 4290 Ennius
1443 4217 1476 4281 ut

336 4332 372 4396 in
395 4332 464 4396 illo:

480 4440 549 4503 tum
573 4438 706 4506 laterali'
731 4437 835 4523 dolor,
859 4437 1046 4505 certissimu'
1070 4437 1194 4504 nuntiu'
1217 4436 1341 4509 mortis.
