3260 5292
761 423 766 432 '
845 439 965 498 clear
983 441 1030 496 ιι.

525 609 577 670 ter
599 608 674 668 runt
697 604 804 668 conati
825 605 990 688 imponere
1013 601 1099 668 Pelio
1123 603 1244 670 Ossam.

527 712 554 774 si
577 731 682 794 pereo,
704 709 867 776 bominum
890 710 1040 774 manibus
1063 711 1196 795 periisse
1221 711 1353 776 iuvabit.

455 835 620 900 Praeterea
642 835 738 902 inulte
760 837 868 902 danim
890 840 918 900 et
939 835 975 900 ob
1004 836 1037 900 id
1058 836 1161 900 rarior
1183 840 1227 900 est
1253 835 1357 900 hiatus
1381 837 1420 900 im
1442 836 1514 900 thesi

366 963 460 1026 qaam
482 944 518 1006 im
542 944 617 1007 arsi.

456 1049 683 1138 Interiectioees
702 1053 812 1126 tornea,
830 1071 909 1130 qaae
922 1053 1062 1116 cerastaei
1075 1069 1140 1113 ima
1153 1050 1259 1134 cocali,
1277 1071 1346 1114 arm
1363 1049 1456 1114 beata
1469 1051 1515 1114 vel

368 1157 402 1220 in
420 1156 485 1220 arsi
500 1156 550 1219 vel
570 1156 603 1219 iu
617 1155 701 1242 thesi
716 1159 852 1238 possunt
871 1155 1016 1220 adhiberi
1031 1155 1086 1238 ita,
1104 1159 1141 1220 ut
1155 1156 1451 1242 maneantlongae,
1468 1159 1514 1218 ut:

590 1301 607 1344 0
630 1283 663 1344 et
686 1280 724 1344 de
748 1278 857 1364 Latia,
880 1302 897 1344 o
920 1281 952 1344 et
976 1279 1014 1343 de
1038 1283 1135 1364 gente
1159 1277 1288 1344 Sabina.

434 1403 603 1498 ¹Excepta
625 1408 735 1470 tamen
759 1411 810 1469 est
831 1405 904 1488 treta
933 1426 1010 1468 nam
1037 1426 1097 1488 pro
1125 1404 1183 1468 laem
1209 1405 1280 1488 liae,
1307 1404 1395 1489 quod
1424 1375 1514 1488 saepe

368 1512 489 1597 legitur
511 1512 545 1576 in
568 1511 778 1596 editionibus,
800 1511 919 1598 ubique
943 1509 1161 1595 reponendum
1184 1511 1265 1576 ehem.

790 1695 796 1704 ’
895 1705 991 1786 §dd

457 1832 500 1895 Ia
524 1830 601 1896 thesi
617 1836 741 1914 praeter
760 1830 968 1913 imeosytlaba
990 1829 1095 1894 dietas
1116 1851 1178 1894 ace
1201 1836 1246 1894 est
1261 1833 1438 1912 permissas
1459 1834 1515 1896 misi

368 1943 404 2004 ie
426 1939 547 2023 syllaba
570 1939 675 2020 tempe,
699 1941 735 2001 ut
758 1937 864 2000 aliena
887 1937 954 2000 sint
977 1959 997 2001 a
1020 1959 1108 2001 more
1138 1937 1266 2020 Verpitii
1288 1938 1371 2002 haec
1398 1940 1466 2020 [ecl.
1487 1940 1511 2018 2,

369 2047 426 2129 533
451 2067 519 2110 aen.
542 2044 572 2128 Ι,
594 2044 688 2124 405]:

459 2169 574 2234 addam
598 2189 690 2238 cerea
712 2187 826 2251 pruna.
862 2167 967 2233 honos
990 2168 1052 2232 erit
1074 2168 1150 2232 hnic
1172 2189 1299 2252 quoque
1322 2190 1436 2272 poma

459 2281 492 2342 et
514 2297 591 2340 vera
614 2275 743 2340 incessu
766 2273 874 2357 patuit
896 2273 965 2338 dea.
1002 2274 1055 2340 ille
1079 2275 1135 2340 ubi
1158 2280 1304 2340 matrem.

459 2399 511 2463 Ita
533 2398 631 2464 etiam
656 2397 754 2463 semel
778 2395 956 2462 Columella
978 2420 1006 2462 v.
1031 2399 1095 2463 224
1118 2399 1153 2462 in
1173 2400 1305 2464 nomine
1328 2400 1464 2484 proprio
1486 2400 1514 2462 et

372 2509 526 2592 sequente
554 2504 683 2570 nomine
713 2503 861 2588 proprio,
895 2504 959 2569 nisi
986 2504 1169 2589 corruptela
1196 2504 1302 2589 adest,
1334 2508 1392 2572 sed
1424 2528 1512 2572 nemo

371 2615 538 2697 praeterea
560 2633 661 2695 usque
685 2610 726 2675 ad
747 2609 943 2676 Iuvenalem.

458 2717 498 2782 In
520 2739 553 2782 m
575 2721 685 2782 tamen
709 2721 860 2782 exeuntes
880 2738 974 2783 voces
996 2718 1164 2802 dactylicus
1182 2719 1233 2783 vel
1246 2720 1462 2802 pyrrmbmcas
1482 2721 1512 2784 ia

371 2826 446 2892 aaa
465 2825 638 2910 aliquando
657 2824 747 2890 hiare
770 2824 847 2888 fecit
864 2825 1000 2903 Eumeis,
1018 2847 1085 2889 non
1103 2824 1252 2890 Lucilius.
1286 2827 1511 2911 Mmcosyttabas

373 2935 406 2996 ia
437 2931 525 3020 thesi¹
544 2953 613 2996 mim
640 2931 728 2995 leiatm
755 2930 902 2995 adhibuit
930 2930 1123 3015 aliquotiens
1152 2931 1320 2997 Lucretius
1354 2937 1388 2998 et
1421 2931 1510 2998 semel

371 3038 525 3103 Horatius
550 3040 624 3118 [sat.
648 3036 693 3121 ΙΙ,
717 3039 751 3121 2,
775 3037 846 3118 28]:

456 3185 553 3248 quam
576 3161 688 3226 laudas
712 3162 830 3245 pluma.
868 3164 958 3226 cocto
982 3182 1058 3226 mam
1082 3162 1174 3227 adest
1197 3163 1302 3229 honor
1325 3162 1434 3227 idem?

460 3287 585 3368 Lmipae
611 3286 719 3367 finales
745 3287 781 3349 ia
809 3285 885 3351 thesi
910 3307 1025 3368 semper
1053 3287 1272 3368 corripiantur.
1323 3286 1411 3352 Nam
1434 3285 1510 3372 quod

372 3393 493 3476 legitur
516 3415 568 3475 ap.
591 3391 763 3456 Horatium
790 3390 837 3475 ΙΙ,
860 3393 916 3475 20,
942 3393 982 3456 13
1011 3391 1091 3456 ‘iam
1115 3391 1273 3458 Daedaleo
1300 3394 1388 3458 orior
1415 3389 1511 3457 lcaro’

373 3502 423 3562 est
441 3502 637 3586 corruptum.
676 3497 751 3562 Una
769 3501 820 3562 est
838 3499 982 3581 exceptio
1001 3521 1050 3581 ap.
1075 3498 1244 3582 Verpitiam
1266 3520 1377 3586 georg.
1395 3499 1420 3584 Ι,
1439 3499 1511 3563 437:

576 3621 691 3687 Glauci
714 3625 747 3686 et
768 3621 939 3706 Panopeae
963 3626 996 3686 et
1018 3621 1099 3688 Inoo
1123 3621 1315 3708 Melicertae.

371 3746 420 3810 De
444 3767 507 3829 qua
530 3768 559 3810 v.
582 3744 612 3809 d.
635 3768 660 3810 r.
682 3769 723 3811 m.
746 3747 820 3812 307.

460 3851 528 3916 Nec
551 3873 626 3916 vero
650 3855 759 3937 potest
781 3854 900 3938 corripi
924 3854 1023 3948 longa
1045 3853 1153 3918 finalis
1176 3854 1240 3920 nisi
1265 3859 1321 3919 aat
1345 3857 1378 3918 m
1400 3853 1509 3920 creticis

372 3957 418 4022 eet
439 3957 580 4023 iambicis
601 3963 738 4042 separante
766 3959 857 4044 lampa
879 3965 936 4024 eat
961 3963 996 4026 im
1023 3961 1238 4044 amaosyltebis
1264 3967 1401 4044 seqiceate
1427 3959 1508 4040 treci,

372 4067 410 4128 ut
433 4064 519 4147 apud
543 4063 728 4129 Ciceronem
754 4069 833 4130 arat.
856 4066 951 4151 frgm.
975 4067 1032 4134 21:

554 4187 616 4252 hoe
638 4193 729 4254 motu
752 4189 910 4256 radiantis
932 4190 1061 4256 Etesiae
1082 4202 1118 4256 in
1141 4191 1223 4256 vada
1246 4186 1339 4276 ponti

374 4317 407 4378 et
429 4313 514 4397 apud
536 4312 709 4378 Horatium
732 4317 791 4378 sat
814 4314 845 4398 Ι,
867 4316 901 4398 9,
924 4316 980 4380 38:

419 4436 464 4500 ‘si
486 4457 533 4500 me
555 4437 658 4521 cimas,
680 4437 966 4540 inquit‚,paullum
990 4439 1042 4504 hic
1065 4439 1150 4504 ades.
1173 4440 1342 4525 inteream,
1365 4440 1414 4505 si'.
