3260 5292
384 432 425 492 14
876 429 994 486 CAPUT
1012 430 1033 486 Ι.

379 593 628 676 substituerent,
664 592 750 677 quod
787 593 916 658 minime
953 594 1080 658 videtur
1115 593 1263 678 elegans,
1300 597 1528 660 monometros.

379 697 530 764 Ceterum
558 719 669 763 versus
697 697 790 761 Varii
812 701 1024 783 anapaestici,
1052 705 1089 764 ut
1112 701 1210 785 vulgo
1238 703 1389 785 putatur,
1418 700 1529 764 sedat

379 827 440 891 ego
468 806 617 870 existimo
640 792 783 887 iambici,
806 806 861 888 qui
885 805 1037 889 leguntur
1060 805 1146 889 apud
1165 805 1304 870 Marium
1324 805 1528 872 Victorinum

379 932 433 996 pg.
457 913 558 994 2503,
582 912 661 996 quin
683 913 825 996 graviter
847 913 914 976 sint
936 908 1079 995 corrupti
1105 913 1156 976 vix
1179 917 1289 996 potest
1312 914 1468 979 dubitari.

381 1025 384 1032 '
469 1017 518 1082 De
549 1021 732 1084 comicorum
763 1018 913 1102 Augusto
945 1018 1127 1102 aequalium
1164 1019 1349 1084 rationibus
1388 1020 1527 1085 metricis

380 1126 462 1190 nihil
485 1127 564 1192 certi
587 1129 696 1210 potest
719 1125 790 1190 dici.

469 1232 599 1298 Dictum
628 1233 666 1297 dc
695 1232 810 1296 studiis
837 1231 978 1296 metricis
1007 1235 1179 1315 poetarum
1202 1231 1343 1317 Augusti
1374 1233 1526 1316 temporis
1589 1249 1590 1260 ²

381 1341 682 1405 summ—m

919 1536 994 1615 §8.
1186 1597 1191 1604 .

469 1661 545 1727 Post
561 1661 715 1754 'Auyusti
750 1665 867 1742 tempus
902 1661 1058 1724 desimam
1082 1665 1191 1742 poetae
1222 1661 1334 1725 Latini
1364 1666 1525 1725 metrorum

237 1733 242 1746 .
303 1787 304 1792 ¹
379 1769 499 1850 copiam
522 1789 633 1851 uuyere
654 1769 783 1850 peteuda
809 1789 829 1830 a
854 1765 984 1832 Graecus
1004 1769 1105 1849 poetis
1126 1769 1280 1853 exempla,
1307 1770 1361 1833 sed
1387 1771 1425 1833 iu
1446 1769 1525 1849 caym

380 1880 546 1940 metrorum
568 1897 590 1940 a
610 1875 771 1958 prioribus
787 1879 884 1955 parta
906 1875 1128 1955 acquieverunt.
1175 1873 1238 1950 Qui
1263 1874 1291 1937 si
1316 1876 1448 1960 quando
1477 1874 1524 1938 ad-

380 1982 558 2046 hibuerunt
579 1986 692 2066 metra,
716 2001 797 2065 quae
816 1981 902 2064 apud
921 1985 1082 2066 auctores,
1110 1981 1165 2066 qui
1184 1981 1225 2045 ad
1244 1982 1387 2066 Augusti
1407 1983 1524 2047 obitum

260 2141 264 2148 .
380 2089 525 2173 fuerunt,
547 2111 614 2152 non
637 2090 702 2152 iam
721 2087 939 2171 inveniantur,
963 2090 1020 2150 aut
1038 2109 1114 2152 casu
1133 2088 1165 2151 id
1184 2089 1293 2153 evenit
1315 2085 1408 2174 (nam
1428 2090 1524 2173 plera-

380 2217 441 2279 que
465 2183 745 2260 car'mimi'Lstina
767 2194 952 2278 antiquiora
975 2194 1219 2278 interciderunt)
1239 2199 1297 2259 aut
1315 2196 1422 2279 petita
1445 2195 1525 2258 fuere

379 2302 436 2366 illa
464 2325 503 2366 ex
535 2301 720 2366 enchiridiis
752 2305 943 2384 metrorum,
975 2302 1085 2385 qualia
1116 2302 1219 2366 multa
1252 2291 1440 2366 scholarum
1471 2321 1524 2364 usu

379 2409 580 2488 terebantur,
604 2413 661 2474 aut
683 2408 819 2492 denique
841 2412 962 2473 novata
985 2408 1125 2472 suntab
1149 2409 1239 2492 ipsis.

467 2515 620 2598 Exempto
642 2521 746 2581 auum
768 2516 991 2598 posterioribus
1010 2516 1111 2596 pactas
1137 2517 1273 2581 mucimc
1297 2516 1429 2598 fuerumt
1461 2515 1524 2582 Ver-

376 2623 475 2707 yitius
499 2621 684 2705 Ouidiusque
705 2627 735 2687 et
755 2623 916 2704 utuyuumtc
939 2622 1044 2686 miuus
1065 2622 1230 2688 Horatius.

469 2731 563 2808 Quod
582 2752 655 2796 cum
674 2730 721 2796 ita
740 2730 796 2813 sit,
818 2731 957 2814 primum
977 2728 1016 2792 de
1035 2729 1162 2813 metris,
1185 2751 1268 2814 quae
1288 2730 1437 2795 arlhibita
1456 2724 1524 2794 suut

380 2838 421 2903 ab
445 2838 505 2922 eis,
526 2837 701 2903 videamus.

468 2941 574 3008 Metra
592 2944 689 3029 longe
707 2943 921 3008 usitatissima
940 2942 1037 3008 etiam
1048 2949 1122 3026 post
1134 2943 1313 3028 Auyustum
1331 2945 1421 3010 fuero
1439 2945 1523 3010 aaa·

379 3055 472 3117 meter
493 3055 522 3116 et
537 3056 728 3134 peutaructer
750 3051 917 3134 dactylicus
934 3056 963 3116 et
981 3052 1116 3116 trimeter
1136 3051 1287 3117 iambicus
1305 3072 1343 3117 ac
1360 3051 1524 3118 trochaicus
1593 3101 1594 3142 ,

381 3163 552 3224 tetrameter
574 3158 773 3223 catalecticus.
1593 3151 1594 3236 ζ

467 3265 580 3330 Poetae
598 3266 687 3349 lyrici
703 3265 769 3330 iam
788 3266 1003 3331 atstiuuerumt
1015 3285 1037 3329 a
1054 3267 1228 3348 systematis
1245 3270 1414 3331 uestrorum
1428 3261 1523 3329 Acuti·
1593 3265 1594 3294 ¹

379 3393 484 3438 corum
505 3371 696 3456 tetrasticbis,
720 3392 803 3455 quae
821 3376 998 3435 novaverat
1019 3370 1184 3456 Horatius,
1197 3377 1324 3454 practer
1341 3372 1522 3454 sapphicum,
1592 3453 1594 3464 .

380 3479 467 3566 quod
490 3479 579 3544 omni
602 3481 717 3564 postea
739 3481 885 3560 tempore
908 3477 971 3541 fuit
992 3477 1157 3562 populare.
1194 3477 1280 3543 Nam
1304 3479 1355 3544 vel
1378 3479 1522 3544 alcaicum
1593 3523 1594 3530 .

378 3593 407 3652 et
432 3587 638 3670 asclepiadea,
666 3605 738 3650 cum
765 3587 858 3648 tanto
886 3583 994 3649 studio
1023 3586 1149 3649 exculta
1177 3589 1285 3650 essent
1313 3587 1355 3650 ab
1386 3583 1522 3662 Horatio,

381 3694 447 3759 iam
479 3693 644 3758 rarissime
677 3693 754 3756 sunt
786 3691 931 3756 adhibita
964 3691 1004 3756 ab
1032 3691 1113 3755 istis.
1168 3690 1286 3776 Magis.
1302 3693 1452 3776 placuere
1481 3687 1521 3751 eis

380 3803 505 3884 spadica
536 3799 677 3865 eiusdem
708 3804 883 3883 systemata.
941 3796 1113 3861 Praeterea
1144 3821 1164 3863 a
1196 3819 1278 3862 saec.
1311 3797 1360 3864 IV
1392 3822 1423 3882 p.
1455 3795 1520 3861 chr.

270 3983 289 4014 ·
376 3914 484 3992 poetae
510 3910 639 3990 quulam
669 3929 750 3973 mora
777 3907 940 3970 adtribuere
971 3908 1148 3987 systemata,
1180 3904 1302 3968 maiore
1334 3905 1432 3970 modo
1463 3902 1521 3981 illa,

381 4017 477 4082 modo
495 4015 618 4080 minore
636 4015 785 4096 circuitu,
804 4016 852 4077 ita
871 4011 1014 4097 quidem,
1037 4013 1074 4074 nt
1093 4011 1239 4095 exempla
1258 4033 1409 4076 versuum
1428 4009 1521 4095 petita

381 4126 490 4189 essent
512 4123 651 4188 maxime
675 4144 713 4187 ex
736 4121 867 4185 Horatii
890 4117 1085 4182 carminibus
1108 4117 1216 4201 lyricis
1239 4119 1291 4182 vel
1314 4117 1470 4182 iambicis.

470 4232 514 4296 Im
545 4231 669 4313 tymur's
700 4227 867 4293 christiani
899 4225 1104 4309 potissimum
1139 4229 1213 4289 sumt
1246 4226 1297 4290 usi
1329 4225 1520 4288 dimetrorum

381 4325 582 4404 iamrticomim
603 4335 789 4420 systematis,
812 4333 971 4415 quaternis
992 4349 1071 4412 quac
1093 4335 1266 4395 coustareut
1287 4331 1431 4396 uersibus.

470 4445 591 4511 Versus
620 4448 728 4508 autam
761 4465 780 4505 a
813 4439 942 4506 Catullo
975 4439 1107 4522 eiusque
1139 4439 1345 4524 aequalibus,
1378 4460 1453 4504 mox
1484 4432 1519 4496 ab
