3260 5292
297 529 300 536 ¹
365 452 407 516 74
842 453 962 508 onear
982 453 1028 508 iv.
1096 527 1100 536 .

362 587 441 681 oiter
473 617 664 700 quadrupies.
713 617 868 682 Horatius
899 616 933 680 in
963 615 1076 700 lyricis
1109 615 1207 680 semel
1236 614 1276 699 [I,
1305 616 1361 694 28,
1391 616 1447 696 24]
1473 616 1502 679 in

362 723 461 786 tertia
484 722 606 788 arsiae
628 745 731 808 paene
749 723 884 788 dixerim
906 744 1039 788 caesura
1061 721 1242 788 tetrametri
1264 721 1425 807 dactylici,
1447 723 1501 786 nisi

363 832 533 914 corruptus
557 831 607 896 est
629 851 756 895 versus:

687 954 813 1020 ossibus
838 959 870 1018 et
893 954 993 1038 ospiti
1016 954 1198 1037 inhumato3

245 1073 251 1082 ’
361 1099 460 1162 porro
481 1079 579 1142 semel
597 1077 631 1142 in
649 1078 873 1143 trithemimeri
892 1077 1072 1144 hexametri
1091 1077 1183 1163 epod.
1205 1079 1259 1162 13,
1279 1080 1313 1162 33
1335 1100 1502 1162 numquam

363 1183 451 1249 alibi.
499 1183 628 1250 Ouidius
651 1205 724 1249 eum
751 1185 817 1250 illis
846 1186 900 1270 qui
930 1185 1130 1269 seripserunt
1157 1205 1211 1249 eas
1234 1184 1401 1269 heroidas,
1419 1207 1501 1269 quae

363 1311 429 1353 non
453 1291 529 1353 sunt
551 1290 668 1376 ipsius,
691 1290 792 1356 habet
813 1293 924 1376 repluti
945 1313 999 1358 serr
1021 1291 1129 1356 hiatus
1153 1291 1244 1356 tales.

454 1393 615 1477 Catullus,
644 1395 804 1482 Tibullus,
827 1397 1015 1483 Propertius
1043 1397 1136 1462 hiatu
1158 1398 1275 1484 longae
1298 1397 1332 1462 in
1356 1399 1422 1462 arsi
1443 1421 1501 1463 non

364 1505 499 1567 utuntur
531 1501 621 1586 (nam
651 1501 771 1569 Catulli
799 1505 855 1584 68,
889 1504 951 1570 158
981 1507 1031 1568 est
1058 1503 1252 1588 corruptus).
1305 1504 1376 1570 Nee
1407 1505 1500 1590 magis

347 1605 465 1678 ‚Nueis
489 1611 546 1672 aut
568 1608 777 1693 Priapeorum
801 1615 956 1676 auctores
997 1609 1197 1676 Posteriores
1220 1610 1373 1697 Augusto
1396 1615 1500 1696 poetae

282 1733 289 1748 ·
363 1735 436 1778 eum
460 1714 579 1798 partim
598 1735 774 1800 numquam
793 1715 986 1800 admittunt,
1008 1717 1128 1801 partim
1146 1718 1318 1824 rarissima
1359 1717 1411 1782 Ab
1433 1718 1499 1782 iam-

363 1820 445 1886 bicis
470 1823 577 1885 autern
600 1822 713 1886 metris
737 1823 870 1887 omnino
893 1826 942 1886 est
965 1822 1098 1888 alienus.

452 1924 519 1992 cer.
543 1925 582 1993 cf.
606 1928 634 1992 d.
657 1951 683 1994 r.
706 1951 747 1994 m.
771 1929 966 1994 309—312.

518 2186 567 2240 De
590 2187 765 2256 productis
787 2190 927 2257 propter
948 2186 1152 2256 positionem
1175 2140 1353 2246 uooalibne

742 2285 785 2365 [d.
808 2307 832 2350 r.
856 2307 898 2348 m.
922 2286 1132 2366 313-3211

885 2411 905 2489 s
929 2409 981 2473 42.

453 2533 583 2614 Quaado
610 2533 645 2596 iu
672 2553 735 2597 uuo
762 2533 905 2598 voeabula
932 2534 1064 2600 ooeuiuu
1093 2535 1208 2602 treouu
1235 2542 1404 2618 sequuutur
1432 2537 1499 2600 duae

363 2641 410 2705 uel
434 2640 543 2722 piures
574 2625 734 2722 msouoe,
765 2641 809 2704 ud
828 2641 1009 2722 prouiruuu
1038 2662 1117 2724 quae
1142 2643 1320 2724 pertiueuui
1351 2642 1499 2728 suliulam,

359 2748 451 2831 prior
472 2745 593 2830 syllaba
615 2747 671 2810 etsi
694 2751 797 2810 ruouet
818 2747 928 2831 meris,
950 2748 1079 2812 sustinet
1101 2753 1203 2813 turrea
1224 2751 1301 2815 uires
1323 2729 1437 2832 ioupoe.

452 2852 490 2917 Id
519 2873 557 2918 ex
585 2851 828 2936 antiquissimae
856 2854 1132 2938 pronuntiationis
1160 2856 1267 2920 evenit
1294 2877 1398 2939 more3
1427 2851 1498 2917 unde

365 2960 451 3044 apud
469 2960 644 3024 Homerum
662 2958 713 3022 vel
732 2957 885 3044 sequente
904 2965 996 3026 muta
1015 2971 1087 3026 dum
1108 2962 1230 3046 liquida
1247 2984 1321 3028 raro
1341 2960 1499 3046 corripitur

366 3067 480 3132 bre'vis.
518 3065 641 3130 Deinde
664 3086 722 3149 per
744 3067 899 3149 temporis
919 3089 1047 3132 sursum
1067 3068 1189 3146 evenit,
1211 3071 1248 3132 ut
1267 3067 1354 3152 quod
1372 3067 1498 3153 primun

365 3173 472 3239 vivido
496 3195 534 3237 ex
558 3172 646 3258 vulgi
669 3193 731 3238 usu
754 3175 839 3237 esset
862 3178 982 3258 ortum,
1005 3174 1198 3238 retineretur
1223 3177 1356 3258 propter
1375 3170 1498 3240 auetori-

364 3285 474 3346 tatem.
512 3277 628 3345 Canai
649 3281 760 3344 tamen
780 3277 908 3359 Graeci,
931 3303 972 3344 ne
991 3280 1080 3366 vulgi
1104 3303 1197 3346 aures
1217 3279 1423 3364 offenderent,
1443 3299 1499 3342 non

364 3386 469 3472 magis
489 3407 586 3470 quam
604 3384 743 3450 Plautus
761 3388 793 3449 et
809 3386 969 3452 Terentius
987 3386 1208 3471 produxerunt
1226 3386 1339 3452 breves
1359 3385 1499 3471 sequente

365 3496 456 3556 muta
479 3513 552 3555 oum
575 3491 705 3575 liquida.

454 3596 550 3682 Apud
572 3595 742 3668 Romanos
769 3621 827 3684 per
853 3601 956 3666 multa
986 3600 1114 3665 saecula
1142 3622 1216 3666 cum
1244 3599 1401 3664 sermonis
1431 3618 1498 3662 eura

363 3705 524 3788 iacuisset,
543 3703 598 3768 ubi
613 3703 666 3768 vix
680 3705 811 3770 tandem
826 3710 912 3770 artes
928 3710 1003 3771 sunt
1017 3707 1128 3772 illatae
1146 3707 1181 3772 in
1200 3705 1351 3772 Latinum
1375 3707 1499 3792 agreste,

364 3811 458 3876 facile
494 3801 589 3875 licuit
620 3810 734 3877 Pluuio
771 3817 803 3876 et
844 3813 984 3879 Tereutio
1022 3813 1192 3898 plerasque
1209 3795 1213 3808 ⁸
1223 3813 1387 3896 positionis
1422 3813 1498 3896 leges

364 3919 545 4003 neglegere.

455 4025 569 4110 Itaque
585 4023 682 4088 etiam
703 4025 756 4090 hie
769 4025 896 4091 Euuirrs
911 4026 1016 4091 ouur'u
1029 4028 1072 4091 uri
1088 4028 1248 4092 severiores
1261 4025 1409 4092 reooeurit
1425 4024 1498 4105 lues.
1589 4059 1590 4066 κ

453 4130 501 4196 Ac
519 4131 660 4216 primum
683 4131 813 4217 quidem
831 4153 873 4196 ne
895 4133 961 4198 iam
984 4135 1096 4216 posset
1118 4133 1237 4218 corripi
1255 4133 1361 4217 prima
1380 4132 1413 4195 in
1435 4119 1498 4192 tali·

365 4239 439 4322 bus,
469 4237 578 4323 qualia
606 4241 682 4302 sunt
703 4239 756 4303 itte
777 4239 871 4304 irruo
899 4239 968 4304 sim.
975 4291 983 4322 ,
1014 4243 1126 4304 auctor
1153 4240 1217 4305 fuit
1240 4237 1419 4323 peuriuaudi
1439 4230 1506 4298 rou?

366 4364 458 4409 souus
479 4345 647 4428 seriptum,
670 4345 798 4429 quando
822 4345 1060 4430 pronuntiando
1084 4347 1335 4432 geminarentur.
1588 4417 1590 4434 ᾗ

455 4449 568 4534 Itaque
592 4451 688 4517 breuis
705 4453 818 4518 rosulis
839 4472 956 4536 semper
972 4454 1170 4538 producitur,
1196 4453 1319 4536 quaudo
1343 4448 1499 4534 sequuntur
