3260 5292
784 410 1011 466 PROOEMIUM.

481 597 534 623 υι-
552 617 569 622 -
589 617 606 623 -
643 571 773 640 epitritus
791 570 904 640 primus.

516 685 535 712 o
553 705 570 712 -
588 706 605 712 -
643 659 773 730 epitritus
792 659 937 714 secundus.
990 673 992 680 ⁴

482 795 499 802 -
518 745 535 801 ’.
552 774 571 800 υ
589 793 607 800 -
643 747 771 818 epitritus
790 747 898 802 tertius.
985 795 987 804 ,
1076 792 1079 800 .

482 883 499 890 -
517 883 534 889 -
553 882 570 888 -
588 862 607 888 υ
643 836 773 906 epitritus
793 837 932 904 quartus.'

517 971 535 979 -
553 971 570 978 -
589 971 606 978 -
642 924 819 994 dispondeus.

411 1125 471 1190 Pes
494 1127 529 1190 ia
551 1130 646 1189 metro
669 1128 787 1188 coastat
808 1143 845 1188 ca
867 1124 934 1187 arsi
956 1127 985 1186 et
1006 1122 1091 1186 thesi.
1137 1121 1231 1186 Arsia
1247 1126 1302 1196 ,est
1323 1141 1359 1185 ca
1383 1141 1474 1206 pars,

323 1233 357 1296 ia
381 1253 443 1313 qaa
470 1233 549 1296 ictas
576 1237 631 1309 est,
659 1231 749 1295 thesis
772 1251 821 1308 ca,
849 1251 927 1310 qaae
953 1234 1036 1293 comt
1061 1229 1132 1292 icta.
1182 1225 1244 1290 His
1272 1249 1357 1290 nunc
1386 1249 1474 1292 com-

323 1339 413 1402 muni
427 1361 487 1402 usu
506 1338 751 1423 distinguuntur
769 1339 878 1419 partes
896 1336 986 1419 pedis
1001 1335 1200 1419 nominibus3
1219 1337 1342 1399 veteres
1362 1337 1474 1399 tamen
1571 1335 1577 1346 ’

323 1446 528 1529 grammatici
551 1444 697 1528 plerique
721 1432 818 1532 quam
841 1464 909 1506 nos·
924 1443 1025 1526 arsia,
1050 1443 1216 1526 appellant
1240 1441 1351 1528 thecia,
1376 1463 1474 1526 quam

225 1537 226 1540 ¹
323 1573 384 1616 nos
408 1551 520 1634 thesim,
543 1551 641 1615 arsia,
1277 1589 1280 1596 ·
1503 1559 1531 1610 ο

398 1657 553 1742 vDipodia
577 1660 627 1722 est
650 1657 785 1721 ducrum
805 1657 922 1740 pedum
947 1641 1141 1721 coniunctio.
1179 1654 1477 1739 Numeridaapa'a'

324 1767 430 1831 solent
450 1766 561 1830 scandi
579 1788 636 1849 per
655 1765 865 1848 monopodios,
886 1759 921 1827 at
938 1765 1077 1846 iambici,
1103 1762 1260 1845 trochaici,
1283 1764 1476 1846 anapaestici

236 1948 239 1956 ι
323 1895 380 1956 per
402 1875 557 1955 dipodius,
585 1877 622 1937 ut
648 1871 718 1936 bini
745 1870 842 1956 pedes
871 1870 1001 1953 singula
1028 1869 1186 1952 impleant
1217 1856 1328 1933 metra.
1376 1867 1474 1934 Velut

323 1981 468 2044 trimeter
490 1980 647 2058 iambicus
671 1981 800 2044 constat
824 1977 959 2061 pedibus
984 1998 1047 2067 sex,
1090 1976 1200 2040 Maior
1222 1981 1325 2040 aatcm
1347 1977 1393 2040 ais
1413 1997 1470 2040 aa·

323 2089 401 2151 mcm'
418 2089 453 2150 ia
465 2089 677 2170 prioreparte
695 2090 814 2152 coastat
831 2085 986 2168 dipodiae,
1006 2083 1036 2147 b.
1055 2103 1078 2147 e.
1096 2083 1131 2146 ia
1149 2082 1322 2162 imparitas
1337 2083 1468 2163 pmibas.
1494 2153 1498 2160 ,

413 2193 514 2258 Basia
536 2214 624 2257 nuno
643 2196 777 2257 vocatur
798 2200 946 2255 versuum
971 2188 1144 2273 phalaecii,
1168 2169 1380 2274 pherecratei,
1404 2191 1473 2274 gly-

325 2299 430 2382 conei,
455 2299 646 2382 asclepiadei
666 2299 832 2382 utriusque
848 2297 974 2379 primas
991 2315 1060 2378 pec,
1084 2295 1118 2358 in
1137 2317 1201 2378 quo
1221 2293 1335 2360 Graeci
1355 2299 1387 2360 et
1404 2295 1471 2380 qui-

324 2406 398 2469 dam
423 2405 643 2471 Romanorum
674 2405 854 2488 promiscue
877 2405 1036 2485 usurpant
1058 2401 1260 2485 trochaeum,
1287 2402 1474 2486 spondeum,

325 2513 481 2578 iambum.

314 2671 318 2681 ,
414 2621 589 2685 Adamasto
602 2620 638 2684 iu
653 2641 747 2685 versu
762 2617 883 2682 alcaico
898 2614 1169 2699 hendecasyllabo
1180 2615 1230 2678 vel
1244 2617 1472 2700 enneasyllabo

325 2730 458 2792 vocatur
475 2728 584 2808 priam
606 2727 737 2808 syllaba,
762 2747 844 2810 quae
869 2726 918 2788 est
941 2723 1129 2788 communis.

419 2833 530 2898 Versus
552 2837 596 2898 eat
622 2835 696 2898 ordo
723 2833 866 2896 metricas
889 2851 926 2895 ea
942 2831 1076 2912 pambas
1097 2831 1160 2894 siae
1181 2830 1308 2894 diversis
1330 2835 1475 2895 coactans

320 2939 463 3024 peditat,
491 2941 545 3005 aed
571 2940 627 3005 aab
654 2945 736 3004 certa
762 2938 951 3022 eurythmiae
973 2943 1001 3002 et
1027 2937 1194 3020 capadociae
1221 2937 1281 3020 lcpe
1303 2936 1474 3020 incohatas,

326 3033 543 3131 coatiaaataa,
560 3049 749 3113 terminatae.
789 3045 833 3111 Ob
856 3046 891 3110 id
911 3046 1014 3127 ipsam
1036 3045 1128 3108 ctiam
1150 3048 1283 3122 cavetur,
1307 3063 1345 3107 ae
1365 3063 1471 3115 aeram

307 3159 381 3228 ¹aat
402 3175 439 3218 aa
460 3155 557 3218 nimis
573 3156 684 3236 parcis
706 3159 763 3231 aat
784 3174 821 3218 ea
843 3153 942 3235 laepia
963 3151 1059 3215 mimis
1086 3155 1199 3232 coastat
1226 3149 1392 3234 vocabatis,
1421 3151 1474 3214 sal

324 3265 360 3324 at
382 3261 452 3324 heac
474 3261 592 3326 miatas
612 3263 654 3326 sit
676 3282 713 3325 ca
734 3261 885 3341 atrisque,
908 3280 979 3324 accc
997 3259 1101 3322 eadem
1119 3259 1215 3322 mimis
1232 3278 1319 3339 saepe
1336 3261 1476 3322 accamat

325 3366 435 3432 littera.
490 3366 571 3450 Apte
602 3373 703 3432 aatem
735 3371 919 3450 statmmm,
950 3371 1082 3430 metram
1112 3385 1171 3444 qao
1202 3365 1350 3429 amitatias
1379 3365 1476 3445 faerit

325 3475 412 3556 apad
429 3473 563 3560 Graecos
580 3480 610 3539 ct
629 3475 802 3560 Romanos,
824 3497 856 3540 eo
877 3475 1005 3556 propias
1027 3473 1163 3538 accedere
1185 3473 1228 3536 ad
1249 3492 1387 3537 sammaa
1404 3491 1475 3554 pac-

323 3580 475 3662 fcctacqac
492 3581 738 3662 pulchritudinis
760 3603 911 3648 ammam.

415 3685 461 3750 Ut
491 3689 527 3752 ia
550 3709 648 3772 prosa
680 3690 855 3755 seruandus
880 3693 930 3754 est
951 3687 1113 3772 rhythmus
1136 3687 1202 3750 sive
1229 3706 1389 3769 mammae,
1420 3687 1475 3770 qui

325 3799 526 3878 temperatur
558 3799 691 3860 accentu
726 3797 938 3882 grammatico
976 3795 1148 3860 verborum
1186 3815 1359 3877 eorumque
1397 3796 1477 3876 apta

326 3902 546 3986 copulatione,
569 3903 616 3967 ita
639 3905 674 3966 ia
691 3905 778 3984 poesi
802 3901 993 3968 servandum
1018 3903 1067 3964 est
1090 3905 1229 3966 metram.

415 4008 528 4072 Prima
552 4012 659 4072 autem
683 4009 731 4073 lca
752 4010 933 4074 metricam
958 4007 1071 4072 Gracci
1093 4011 1158 4071 tam
1181 4007 1292 4072 Latim'
1314 4005 1393 4087 hacc
1417 4009 1476 4090 est,

327 4119 363 4180 ut
396 4119 545 4182 accentus
578 4116 783 4199 grammatici
815 4117 904 4179 nulla
938 4135 1168 4199 usquequaque
1195 4115 1353 4179 habeatur
1382 4113 1478 4195 ratio,

327 4222 383 4286 sed
406 4222 488 4286 solae
511 4220 702 4287 obscramtm
718 4223 895 4307 prosodiae,
918 4221 950 4285 h.
974 4243 999 4284 e.
1023 4221 1221 4304 quantitates
1245 4203 1426 4283 verborum.

423 4329 541 4393 Ultima
568 4331 679 4393 tamen
706 4330 741 4392 in
770 4329 882 4412 quovis
910 4350 1005 4392 versu
1033 4327 1164 4408 spilaba,
1193 4325 1255 4388 nisi
1285 4322 1480 4408 quando'is¹

328 4435 503 4520 synaphiae
527 4437 598 4521 lege
622 4439 765 4520 tenetur,
788 4439 838 4499 est
860 4455 979 4516 amepa
1027 4447 1032 4460 '
