3260 5292
336 455 380 519 30
499 531 511 542 ,
819 457 939 512 creor
958 455 992 510 11.

333 619 368 682 in
396 619 604 702 epithalamio
635 619 722 684 Pelei
752 639 789 682 ac
816 618 972 684 'l'hetidos
1002 615 1051 702 (in
1081 639 1144 702 quo
1173 615 1252 680 adeo
1285 619 1351 680 tres
1378 615 1486 680 habet

331 725 502 790 continuos
521 725 772 808 spondiazontas
791 747 820 789 v.
841 722 986 809 78-80)
1005 728 1038 787 et
1055 723 1222 808 aliquanto
1241 723 1347 786 minus
1374 721 1485 804 Verci-

330 833 403 916 lias,
435 836 548 898 auctor
575 833 672 916 (liris,
706 833 846 910 Ovidius,
879 831 1034 895 Horatius
1065 831 1101 894 ia
1132 831 1237 912 lyricis
1265 834 1294 893 et
1328 829 1484 908 iambicis,

329 941 383 1004 scd
409 941 491 1004 idom
516 941 607 1034 sanct
633 941 669 1003 ia
695 940 813 1004 saturis
834 943 863 1002 et
889 938 1028 1020 epistula
1051 939 1114 1019 [ep.
1136 935 1183 1018 ΙΙ,
1207 937 1241 1014 3,
1264 937 1353 1017 46η.
1398 936 1486 1001 Post

329 1045 472 1131 Augusti
490 1050 618 1130 tempus
637 1067 750 1110 versus
769 1044 1015 1128 spondiazontes
1034 1065 1054 1106 a
1071 1042 1176 1126 poetis
1195 1043 1356 1126 plerisque
1375 1043 1484 1106 omni-

329 1153 390 1216 bus
414 1152 578 1217 rarissime
602 1156 677 1216 runt
700 1151 838 1215 adhibiti
862 1147 903 1236 [d.
926 1173 951 1214 r.
974 1173 1015 1213 m.
1041 1150 1117 1229 144]
1124 1200 1133 1232 ,
1161 1153 1294 1232 excepto
1317 1148 1403 1232 quod
1425 1147 1484 1212 Iu-

333 1261 455 1325 venalis
485 1255 532 1324 eis
564 1259 673 1324 tricies
702 1258 871 1343 quinquies
905 1279 982 1320 usus
1011 1259 1070 1320 est.
1120 1254 1267 1319 (laterum
1302 1255 1328 1318 si
1363 1256 1484 1338 quinto

329 1368 401 1435 loco
425 1371 474 1432 est
497 1365 668 1450 spondeus,
691 1369 802 1448 quarto
819 1363 1001 1446 pleramque
1017 1363 1148 1444 positar
1170 1363 1316 1444 dactylus

416 1473 562 1558 Denique
602 1473 808 1537 hexametros
846 1470 924 1535 solis
962 1471 1148 1533 constantes
1185 1467 1336 1552 spondeis
1373 1467 1483 1549 qualis

329 1585 380 1646 est
400 1581 468 1644 ille:

557 1749 562 1754 .
607 1685 853 1768 ollirespondit
874 1706 930 1747 rex
953 1682 1051 1747 Albai
1074 1681 1201 1767 Longai

329 1815 457 1894 praeter
479 1810 622 1874 Ennium
649 1814 776 1895 patrem
799 1831 901 1893 usque
930 1807 971 1871 ad
997 1808 1096 1872 finem
1119 1829 1201 1872 saec.
1224 1829 1254 1890 p.
1278 1803 1350 1870 Ohr.
1378 1805 1482 1889 primi

329 1939 424 1982 nemo
448 1917 580 1982 admisit
601 1917 666 1982 nisi
691 1916 837 1981 Catullus
861 1915 960 1979 semel
984 1914 1072 1998 [116‚
1095 1914 1139 1994 31.

418 2025 465 2092 Ia.
474 2025 661 2111 pentametri
672 2026 812 2107 priorem
829 2027 953 2105 partem
976 2021 1056 2085 duos
1075 2019 1222 2102 dactylos
1241 2023 1297 2084 aut
1316 2019 1483 2103 spondeos

223 2166 227 2172 ·
330 2131 458 2194 admitti
477 2132 585 2198 minus
604 2132 718 2216 placet.
755 2129 854 2196 Cuius
873 2128 1110 2214 perfectissima
1129 2127 1251 2211 species
1269 2127 1349 2190 haec
1368 2129 1429 2210 est,
1451 2127 1489 2217 si⁸

324 2239 488 2319 pricipes
509 2240 551 2302 sit
574 2238 719 2320 dactylas,
744 2237 825 2300 alter
849 2234 1009 2319 spondeus
1033 2238 1070 2298 ut
1093 2233 1178 2318 apud
1202 2232 1363 2298 Ovidium:

537 2362 583 2426 nil
605 2360 686 2424 mihi
708 2361 875 2444 rescribas
899 2363 933 2424 at
956 2363 1065 2424 tamen
1088 2359 1156 2442 ipse
1179 2358 1262 2422 veni.

328 2485 368 2550 In
390 2485 570 2570 posteriore
592 2487 683 2568 parte
707 2485 776 2550 cias
799 2506 910 2548 versus
933 2484 1002 2548 solo
1022 2483 1153 2566 dactylo
1178 2482 1275 2545 locus.

419 2593 586 2658 Tetramcti
608 2591 796 2656 acatalectmi
819 2591 942 2674 optima
965 2589 1088 2674 species
1111 2588 1190 2654 haec
1213 2591 1274 2652 est:

417 2805 457 2870 ln
480 2809 651 2870 tetrametro
679 2804 866 2868 catalectico
889 2801 923 2865 in
952 2801 1147 2885 disyllabum
1171 2801 1278 2865 tertias
1298 2821 1354 2882 pos
1378 2800 1481 2864 semel

330 2915 379 2976 est
403 2911 562 2995 spondeus
586 2909 672 2993 apud
694 2909 868 2976 Horatium

636 3055 818 3099 mensorem
842 3032 994 3097 cohibent
1016 3031 1169 3114 Archyta.
1264 3111 1268 3116 ἡ

418 3159 468 3223 Dc
489 3160 695 3241 anapaesticis
718 3157 829 3222 metris
853 3156 975 3222 dictum
998 3155 1027 3220 d.
1050 3178 1075 3220 r.
1098 3155 1304 3220 m.·146-8.

856 3391 877 3468 ἓ
902 3387 952 3452 16.

418 3515 462 3580 ia
484 3514 625 3593 iambicis
647 3513 794 3578 trimetris
815 3513 861 3577 oei
879 3483 1017 3577 dimitiis
1040 3513 1082 3577 aot
1100 3511 1288 3576 Gracoomim
1306 3507 1482 3592 memplrom

329 3623 501 3704 compositis
528 3622 653 3703 spmdci
684 3619 864 3704 promiscue
893 3619 1088 3684 adhibentur
1119 3618 1254 3702 pedibus
1289 3616 1482 3702 imparibus,

329 3731 362 3790 et
398 3728 536 3792 maxime
569 3729 710 3814 quidem,
746 3731 874 3811 practer
907 3725 1125 3808 catalecticos,
1160 3727 1231 3789 loco
1268 3721 1482 3808 paenultima,

330 3835 461 3917 excepto
484 3855 572 3900 uersa
594 3835 802 3920 abaciaco,
830 3834 920 3899 cuius
949 3833 1033 3917 apud
1057 3833 1197 3916 optimos
1222 3834 1367 3896 auctores
1395 3830 1482 3894 haec

330 3942 379 4003 est
403 3939 536 4023 species:

680 4028 1123 4095 0-u-U}-v-vL-L

330 4133 502 4198 Praeterea
531 4132 651 4200 Seneca
682 4136 754 4200 loco
786 4135 996 4219 paenrdtimo¹
1013 4135 1165 4218 trimetri,
1192 4139 1229 4198 ut
1257 4133 1415 4218 tragicam
1448 4131 1480 4198 ei

331 4239 428 4304 addat
455 4241 661 4326 gravitatem,
692 4245 821 4326 praeter
852 4263 961 4307 versus
989 4241 1201 4325 paucissimos
1230 4252 1355 4324 semper
1382 4241 1480 4322 ponit

332 4346 517 4429 spondeum.
564 4346 713 4413 Ceterum
737 4349 776 4414 cf.
800 4349 829 4412 d.
852 4371 877 4412 r.
900 4371 942 4412 m.
968 4347 1150 4412 148-150.

419 4451 465 4516 At
488 4452 650 4519 Phaedrus
661 4455 797 4580 ⁸ubique
824 4457 928 4520 utitur
951 4453 1094 4539 spondeo
1121 4476 1180 4537 pro
1208 4453 1316 4516 iambo
1345 4456 1478 4536 praeter
