3260 5292
631 451 750 506 CAPUT
770 450 816 506 IV.
1255 451 1296 514 61

139 633 261 699 georg.
284 612 346 698 IV,
369 611 434 678 355
462 612 557 678 Peuei
584 613 732 678 adhibuit
759 635 831 678 cum
861 613 1016 698 synizesi,
1046 612 1132 696 quod
1159 613 1222 676 nisi
1251 617 1301 676 est

139 723 335 803 corruptum
359 719 524 785 descendit
547 742 566 783 1
589 719 790 784 nominativo
810 719 934 799 Pontou,
960 717 1043 784 sicut
1064 713 1201 802 Ἀλφεός
1224 719 1298 783 dici·

139 829 204 890 tur
226 848 285 910 pro
306 822 469 910 Ἀλφειός,
493 830 525 890 et
547 827 699 909 alvearia,
728 825 813 910 quod
841 825 1005 891 descendit
1037 825 1227 890 vocabulum
1257 825 1298 889 ab

140 934 249 1017 alueo,
273 933 354 998 dixit
377 935 531 1016 quattuor
554 932 689 1017 syllabis
708 931 744 996 iu
762 932 932 1017 georgicis,
953 931 1010 1016 IV,
1033 932 1086 996 34.

240 1039 337 1123 Apud
357 1039 533 1104 Horatium
560 1039 592 1103 in
622 1039 741 1102 saturis
769 1038 976 1103 inveniuntur
1003 1039 1049 1102 ite
1072 1041 1184 1104 coactu
1206 1059 1299 1124 cereo,

140 1152 257 1230 ostreo,
280 1146 365 1230 apud
388 1145 553 1210 Tibullum
575 1146 674 1224 olore,
697 1144 784 1229 cpud
807 1139 1011 1228 Piopertium
1032 1146 1168 1228 Euipeo,
1192 1146 1299 1224 Nereo,
1396 1165 1397 1172 ¹

140 1252 338 1320 Prometheo.
387 1252 546 1335 Exempla
578 1255 687 1316 eutem
720 1252 861 1337 genetivi
895 1252 1063 1317 nominum
1094 1252 1299 1336 propriorum

141 1362 185 1424 in
209 1355 266 1436 εύς
290 1359 488 1441 exeuntium,
511 1362 547 1422 ut
571 1381 669 1442 supra
692 1359 881 1443 memoravi,
908 1359 971 1424 huc
994 1380 1060 1422 non
1081 1359 1254 1442 pertinent.

240 1465 410 1548 Temporis
434 1467 508 1548 post
526 1465 710 1550 Augustum
735 1469 882 1531 auctores
905 1488 944 1530 ex
967 1466 1089 1529 maiore
1111 1469 1203 1549 purte
1227 1466 1298 1530 abs·

140 1575 276 1638 timuere
299 1573 361 1637 hee
384 1571 539 1655 synizesi3
561 1571 676 1656 reliqui
703 1593 740 1636 ca
762 1594 829 1637 non
849 1574 925 1638 sunt
947 1572 997 1636 usi
1019 1567 1084 1636 uisi
1105 1573 1141 1636 iu
1163 1573 1298 1637 uomiui-

140 1681 205 1744 bus
222 1680 364 1762 propriis
386 1684 414 1742 et
435 1679 602 1743 vocabulis
625 1679 741 1756 alueuS,
763 1680 893 1764 battere,
916 1675 1037 1743 curere.

240 1784 288 1851 Of.
312 1785 350 1849 dc
373 1785 435 1850 hec
458 1785 595 1870 synizesi
618 1806 670 1870 pg.
695 1785 850 1850 274-76
874 1787 894 1849 l.
914 1808 945 1850 11.

423 2080 472 2134 De
496 2079 636 2135 elisione
662 2069 704 2150 [d.
723 2092 747 2133 r.
766 2092 809 2134 m.
828 2070 1029 2150 uro-301}

678 2286 697 2364 s
721 2284 772 2348 33.

246 2427 367 2492 Vocolis
393 2428 456 2491 siue
484 2425 545 2490 ‘ru'
577 2427 679 2490 littero
696 2425 801 2508 (quoe
827 2426 864 2490 iu
890 2427 975 2490 cuitu
1002 2427 1161 2491 uerborum
1182 2449 1301 2510 purum

144 2535 335 2600 ordiebatur
356 2538 385 2597 et
413 2554 482 2597 curu
499 2534 695 2616 praecedente
721 2533 820 2598 coculi
840 2533 922 2596 uelut
948 2554 1062 2597 uorum
1084 2535 1233 2616 efficiebat
1254 2557 1300 2601 so-

145 2639 242 2726 uuru)
271 2641 393 2723 quaudo
420 2645 464 2705 esi
490 2641 525 2704 iu
547 2641 660 2705 ultimo
686 2640 806 2723 syllaba
827 2644 964 2721 sequente
990 2641 1088 2703 vocali
1108 2642 1154 2705 uel
1178 2641 1238 2721 Ἥ,
1260 2645 1303 2707 orl

146 2749 329 2812 euitouduru
360 2741 480 2812 bebium
511 2747 620 2830 riualis
651 2748 765 2812 voculis
794 2746 1029 2829 prouuutiouclo
1061 2747 1225 2830 liquefacta
1256 2751 1302 2814 ito

147 2855 351 2936 couiuupitur
374 2875 443 2918 curu
464 2859 615 2937 sequeute,
642 2859 677 2918 ut
698 2855 734 2918 iu
760 2859 854 2918 ructro
877 2855 1002 2918 omniuo
1030 2875 1093 2940 uou
1115 2861 1301 2920 numeretur.

148 2959 243 3024 Haec
268 2961 347 3024 mole
371 2965 496 3024 coeatur
520 2958 646 3043 ‘elisio',
674 2981 746 3024 cum
773 2981 840 3024 non
867 2960 1026 3025 eximetur
1053 2959 1225 3024 11111111-
1250 2984 1301 3026 ex-

151 3067 269 3150 ceptis,
300 3069 337 3131 ut
368 3066 510 3149 videtur,
541 3066 697 3132 encliticis
729 3087 786 3149 que
812 3088 846 3130 ue
873 3087 911 3131 ue
941 3104 995 3151 -,
1027 3066 1082 3131 scd
1113 3067 1303 3132 obscuretur

14 3169 19 3178 '
150 3172 317 3236 celeritate
348 3173 594 3256 pronuntiandi,
630 3177 667 3237 ut
701 3173 823 3238 habeas
856 3175 955 3238 etiem
991 3173 1043 3237 hie
1073 3174 1221 3255 syuiresis
1251 3177 1301 3239 vel

150 3277 349 3360 synaloepbes
372 3259 716 3365 1111111111111111111111
738 3279 786 3344 De
810 3280 872 3344 huc
894 3302 928 3343 re
948 3280 1047 3364 digne
1066 3281 1198 3364 cognitu
1219 3304 1302 3366 quae

146 3385 302 3450 scribunt
324 3384 436 3451 Oicero
460 3387 709 3471 orat.44‚1uo;
732 3386 880 3471 45,152;
907 3389 989 3451 auct.
1014 3387 1062 3452 ad.
1085 3385 1226 3453 Herenn.
1245 3388 1302 3474 IV,

157 3492 210 3575 12,
235 3491 291 3575 183
316 3491 449 3569 Quintil.
472 3492 574 3557 instit.
598 3497 678 3558 oret.
701 3493 759 3578 IX,
781 3495 812 3578 4,
837 3495 888 3558 33.

249 3598 354 3664 Elicio
377 3602 486 3664 eutem
513 3597 601 3685 (111111
630 3600 693 3688 hoc
715 3601 847 3666 nominc
874 3601 939 3664 iam
963 3600 1052 3665 usuri
1076 3623 1199 3685 sumus,
1227 3603 1303 3686 quie

156 3706 284 3789 optinet
307 3705 417 3791 vulgo)
441 3706 548 3771 minus
572 3728 685 3791 aspere
708 3689 815 3771 estin
837 3696 922 3772 thesi
945 3729 1041 3791 quam
1064 3707 1099 3770 in
1122 3706 1197 3771 arsi.

223 3809 227 3818 ’
245 3813 388 3880 Facilius
406 3817 513 3878 eutem
532 3819 565 3878 et
582 3815 704 3896 saepius
721 3815 766 3897 fit,
790 3815 818 3878 si
840 3814 945 3878 finalis
965 3815 1008 3877 sit
1030 3815 1135 3892 breuis,
1159 3837 1255 3899 quam
1276 3817 1303 3880 si
1343 3883 1348 3895 ,

157 3921 192 3984 in
217 3941 248 3986 ru
271 3924 372 3986 exeat.
417 3919 504 3986 Nam
526 3921 561 3984 in
583 3942 615 3984 ru
637 3924 789 3986 exeuntes
811 3920 935 4003 finales,
958 3921 1019 3984 etsi
1042 3920 1154 3985 breves
1178 3943 1304 4006 semper

156 4027 297 4111 fuerunt,
321 4049 393 4092 cum
413 4028 479 4092 sint
497 4049 577 4092 sono
596 4028 700 4112 magis
720 4018 829 4112 'spisso
853 4049 950 4112 quem
969 4027 1081 4091 finales
1101 4029 1214 4094 breves
1234 4030 1303 4094 sine

156 4155 202 4212 ru,
229 4133 459 4219 pronuntiandi
488 4136 633 4218 tempore
661 4135 753 4220 quasi
780 4135 903 4200 medice
927 4138 1002 4199 sunt
1027 4135 1113 4198 inter
1136 4135 1248 4200 breves
1272 4140 1305 4200 et

155 4235 280 4326 lo‘ngos.
325 4241 447 4306 Durior
474 4241 571 4305 etium
595 4245 645 4305 est
667 4242 758 4306 elisio
782 4242 898 4324 touque.
942 4240 993 4306 Ex
1020 4241 1171 4305 finalibus
1199 4242 1303 4308 brevi·
1344 4275 1377 4320 ι,

154 4351 217 4413 bus
250 4349 372 4431 saepius
404 4347 566 4412 eliduntur
593 4369 608 4411 e
636 4348 685 4413 vel
713 4350 738 4432 i,
771 4370 852 4433 quae
885 4351 961 4412 sunt
993 4369 1074 4412 sono
1106 4349 1304 4432 tenuissimo,

155 4478 254 4540 quum
277 4476 298 4517 u
321 4475 352 4532 0,
384 4477 465 4538 quoe
498 4457 616 4519 sonunt
645 4455 778 4538 plenius.
830 4455 880 4520 Ex
913 4457 1010 4538 louyis
1039 4455 1144 4520 rarius
1173 4461 1305 4540 propter
