3260 5292
679 478 799 535 orror
818 478 864 535 m.
1301 465 1341 542 51

211 725 215 730 Ι
286 642 399 730 Neque
428 647 484 708 aut
512 665 625 709 sensus
652 643 866 708 interstitium
890 645 947 706 aut
969 641 1055 724 apud
1083 641 1246 706 scaenicos
1269 641 1343 705 finis

195 751 336 816 diverbii
361 751 461 817 officit
484 751 623 836 elisioni,
646 752 734 816 velut
757 749 842 835 apud
871 749 1056 832 Verpitinrn:
1102 787 1106 800 ·

292 898 353 960 me,
376 897 435 959 me,
459 876 571 941 adsum
595 875 650 960 qui
674 873 759 962 leoli,
783 875 817 939 in
841 897 892 939 me
916 875 1094 939 convertite
1117 859 1246 938 ferrum.

288 999 392 1065 Multo
411 1001 519 1065 minus
538 1004 646 1064 autem
667 1023 746 1084 opus
769 1003 831 1082 est,
855 999 889 1064 in
912 999 974 1064 fine
991 1021 1103 1064 versus
1123 1001 1173 1064 vel
1192 999 1345 1083 strophae

191 1107 277 1192 poni
305 1107 611 1194 interpunctionem,
642 1111 679 1172 ut
707 1107 786 1171 adeo
814 1107 966 1170 Horatius
993 1106 1155 1170 interdum·
1178 1110 1214 1170 ut
1236 1106 1266 1184 Ι,
1294 1107 1346 1188 37,

194 1213 417 1296 5-24;111,
442 1213 582 1279 29-48
606 1236 664 1298 per
686 1213 856 1310 continuas
881 1212 1032 1296 strophas
1052 1213 1130 1276 satis
1150 1213 1268 1278 multas
1291 1214 1346 1277 ab·
1466 1195 1475 1212 ”

195 1322 350 1385 stinuerit
373 1321 414 1385 ab
437 1321 706 1405 interpungendo.

291 1425 353 1492 Sed
376 1431 485 1492 tamen
503 1429 658 1492 concinere
681 1429 762 1492 inter
785 1447 816 1492 sa
836 1427 914 1509 fines
936 1427 1080 1490 ordinare
1098 1427 1292 1492 metricorum
1311 1449 1347 1492 ac

194 1535 345 1599 sensnm
373 1540 430 1598 erit
456 1540 532 1598 certe
558 1515 621 1598 non
648 1535 744 1598 nimis
770 1535 942 1616 discrepare
971 1535 1038 1596 tarn
1062 1533 1199 1618 simplici
1223 1533 1347 1618 pulchri

194 1643 273 1726 lege
296 1639 506 1728 praecipitur,
529 1663 596 1706 non
619 1642 656 1704 ut
677 1640 844 1723 potuerint
866 1661 936 1704 esse
956 1644 1102 1723 expertes
1121 1641 1347 1705 observantiae

193 1747 277 1812 talis
300 1751 432 1814 veteres.

292 1855 364 1932 Qua
387 1854 515 1939 quidem
539 1855 573 1918 in
596 1875 631 1918 re
650 1853 775 1938 Graeci,
799 1875 935 1938 quorum
955 1877 1007 1920 ars
1028 1855 1163 1920 metrica
1180 1855 1245 1918 iam
1265 1855 1348 1919 anti-

197 1962 368 2046 quissimis
396 1961 597 2046 temporibus
626 1962 772 2026 stabilita
796 1965 857 2047 ost,
888 1961 994 2028 multo*
1014 1962 1102 2026 fuere
1126 1961 1348 2046 diligentiores

197 2090 299 2153 quam
321 2067 466 2132 Romani.
841 2059 845 2066 ⁸

292 2176 406 2261 Itaque
438 2175 524 2258 epod
554 2176 683 2257 optimos
716 2179 852 2240 unctores
884 2176 1015 2242 Latinos
1049 2176 1235 2259 plerumque
1268 2176 1349 2240 fines

198 2282 326 2348 ordinis
346 2282 471 2348 metrici
489 2285 546 2345 aut
568 2286 751 2366 congruunt
774 2303 845 2346 eum
870 2305 1023 2347 sensuum
1046 2282 1167 2346 finibus
1189 2285 1245 2346 aut
1264 2287 1349 2346 certe

198 2411 271 2454 non
299 2389 396 2454 nimis
425 2387 618 2472 discrepant.
672 2389 785 2455 Minas
818 2393 928 2452 tamen
959 2389 1115 2471 incleaans
1144 2390 1351 2471 discrepantia

197 2496 279 2560 talis
291 2497 333 2560 in
351 2515 492 2574 caesara,
511 2495 664 2580 quoniam
683 2495 804 2558 ordinis
823 2495 959 2579 metrici,
978 2495 1033 2580 qui
1052 2495 1190 2559 efficitur
1210 2517 1351 2579 caesura,

199 2603 279 2667 finis
311 2603 412 2668 levior
440 2606 489 2666 est
521 2624 616 2688 quam
649 2602 721 2666 finis
754 2603 862 2667 totius
883 2625 1003 2668 versus.
1052 2601 1157 2686 Igitur
1186 2603 1349 2686 praeposi·

200 2709 327 2774 tionem
346 2709 399 2774 vel
418 2709 677 2773 coniunctionem
697 2709 955 2793 monosyllabum
974 2709 1008 2772 in
1031 2708 1277 2792 penthemimeri
1300 2710 1352 2774 vel

199 2813 474 2898 hephthemimeri
503 2836 598 2898 saepe
626 2815 770 2880 admittit
806 2815 958 2897 Vcryilins
985 2818 1018 2878 et
1045 2815 1100 2899 qui
1124 2837 1197 2880 eum
1220 2816 1255 2880 iu
1282 2819 1351 2880 arte

201 2921 339 2986 metrica
357 2926 434 2986 sunt
452 2922 579 3006 imitati,
598 2943 672 2986 raro
692 2921 865 2986 admodum
886 2920 1014 2986 Ovidiccs
1033 2926 1066 2986 et
1086 2921 1181 2986 huius
1201 2923 1351 2988 asseclae.

202 3026 255 3092 Of.
279 3027 307 3092 d.
328 3051 353 3092 r.
373 3033 422 3092 m.'
437 3029 511 3092 236.
556 3027 661 3092 Multo
687 3029 792 3114 magis
818 3011 967 3112 displicet
993 3031 1148 3110 punctum
1177 3028 1244 3092 sive
1272 3029 1352 3092 adeo

203 3157 333 3200 comma
360 3135 501 3220 positum
528 3140 604 3219 post
633 3135 740 3200 thesin
768 3134 939 3200 secundam
966 3137 1022 3198 aut
1044 3133 1187 3218 tertiam,
1216 3135 1244 3198 ai
1268 3136 1353 3200 adsit

202 3242 485 3328 penthemimeris,
508 3247 545 3306 ut

330 3365 384 3431 hic
407 3389 518 3434 currus
540 3367 611 3447 fnit.
634 3365 689 3431 hoc
708 3363 713 3452 Ι
734 3369 868 3452 regnum
894 3366 953 3431 dea
975 3367 1126 3452 gentibus
1150 3389 1228 3432 esse.

333 3475 384 3540 cui
406 3496 472 3539 non
495 3473 599 3538 dictus
623 3474 727 3558 Hylas
747 3473 859 3559 lprwr,
883 3477 916 3538 et
939 3471 1077 3539 Latonia
1100 3473 1220 3539 Delos?

207 3603 267 3662 aut
289 3599 506 3684 interpunctio
530 3598 676 3663 adhibita
698 3603 774 3681 post
797 3600 945 3684 quartam
964 3599 1072 3664 thesin
1095 3599 1129 3662 in
1152 3598 1354 3684 hephtbenri-

206 3704 291 3768 meri
314 3708 362 3770 ut:

331 3834 363 3894 et
386 3830 491 3913 patrio
515 3835 608 3916 pater
631 3851 701 3895 csse
724 3830 830 3913 metn‘l
844 3831 969 3934 probor.
993 3832 1101 3914 aspice
1126 3832 1241 3902 vultus.
1319 3899 1323 3908 ,

208 3952 260 4018 Cf.
280 3953 309 4018 d.
328 3977 352 4021 r.
375 3977 416 4019 m.
442 3955 515 4020 237.
571 3953 721 4020 Ceterum
759 3955 976 4039 discrepantia
1007 3957 1082 4020 talis
1112 3957 1221 4040 paullo
1254 3957 1356 4021 levior

209 4062 320 4126 estin
348 4063 493 4126 versibus
521 4062 664 4146 parvulis
688 4063 739 4126 vel
762 4062 941 4127 coniunctis
969 4083 1027 4146 per
1050 4063 1231 4146 stropham,
1259 4085 1355 4147 quam

209 4167 245 4232 in
264 4168 454 4253 maioribus,
478 4169 566 4232 utin
585 4169 771 4234 hexametro
795 4167 954 4252 dactylico
973 4169 1023 4232 vel
1043 4169 1190 4233 trimetro
1210 4169 1355 4246 iambico,

210 4277 269 4338 aut
295 4275 342 4339 eis
371 4274 426 4358 qui
454 4274 601 4338 ultimam
628 4277 754 4357 partem
782 4274 927 4339 efficiunt
954 4274 1115 4358 strophae.
1167 4274 1246 4339 Post
1268 4275 1357 4340 arsin

209 4381 311 4467 igitur
333 4385 459 4446 sextam
481 4381 659 4466 hexametri
681 4397 801 4465 ponere
825 4382 1084 4446 coniunctionem
1108 4385 1165 4445 aut
1194 4383 1356 4465 praeposi-

207 4490 330 4554 tionem
361 4489 616 4572 nronosyllabam
649 4491 724 4572 post
751 4486 880 4553 Horatii
908 4491 1035 4574 tempus
1060 4509 1161 4572 usque
1190 4487 1230 4552 ad
1260 4487 1358 4552 finem

1106 4595 1144 4645 με
