3260 5292
790 431 909 488 CAPUT
929 432 948 486 1.
968 431 1001 488 ΙΙ.

584 595 1207 664 .ῡῦ.ω-1ῡῦ-υυ1-υ-υ.υ

583 684 985 750 ῦ-υ.ῡ1-υ-υ.υ

584 771 1202 839 -ω-ῦῦ-Ιῡῦ-υυΙ-υ-υ-υ

582 863 982 929 ῦ-υ-ῡΙ-υ-υ-υ

321 966 372 1030 Ex
396 967 447 1030 his
471 990 621 1033 versuum
645 971 828 1052 systematis
852 969 900 1034 IX
922 971 1080 1034 collocata
1102 969 1136 1032 in
1163 968 1234 1051 ipso
1257 967 1368 1032 limine
1393 967 1480 1030 oda·
1584 1039 1589 1050 ς

321 1095 404 1156 rum,
427 1078 463 1138 ut
482 1079 576 1159 grata
599 1076 655 1140 illa
673 1079 876 1163 πολυμετρίᾳ
895 1076 1007 1140 statim
1026 1075 1066 1139 ab
1088 1074 1182 1139 initio
1201 1074 1357 1138 lectorum
1378 1095 1480 1156 eape-

321 1181 435 1244 rentur
458 1181 565 1245 animi.

780 1489 936 1562 CAPUT
963 1489 1009 1562 Π.

491 1637 539 1691 Do
563 1637 709 1706 podibus
732 1651 895 1694 versuum
920 1629 962 1709 [d.
985 1649 1010 1692 r.
1034 1650 1075 1691 m.
1102 1625 1299 1703 rar-ran.

846 1827 980 1906 513„

383 2025 397 2043 .
412 1946 451 2010 ln
475 1948 662 2013 enarrandis
686 1950 812 2035 legibus
836 1953 1013 2015 metrorum
1036 1948 1122 2012 huno
1145 1941 1362 2030 optinebimus
1386 1943 1476 2008 ordi-

322 2074 406 2137 nem,
428 2059 464 2117 nt
479 2056 620 2136 mimann
643 2057 679 2120 de
700 2057 857 2140 daotyiais
879 2057 925 2120 oet
947 2054 1160 2137 anapaesticis
1183 2055 1248 2115 tam
1270 2051 1306 2113 de
1328 2049 1477 2114 iambicis

322 2159 368 2222 oei
395 2159 566 2244 trochaicis,
588 2166 749 2242 postremo-
766 2164 803 2226 de
831 2163 1010 2246 tooaoeaieis
1036 2159 1171 2225 amsans
1198 2157 1348 2240 dieamus,
1378 2161 1477 2238 atqae

322 2266 358 2328 in
386 2266 518 2348 sinentis
545 2268 706 2350 yeaeribas
734 2291 934 2335 aameroram
961 2291 982 2334 a
1013 2268 1201 2333 nobilissimo
1229 2283 1344 2346 qaoqne
1375 2267 1475 2328 natio

323 2372 485 2437 ordiaman
507 2374 744 2456 descriptionem.
785 2371 791 2376 ’

414 2477 510 2544 Omne
532 2485 663 2545 metram
681 2484 770 2548 certis
793 2483 906 2566 ieaibns
923 2485 1049 2561 comtat,
1071 2501 1150 2564 qnae
1173 2484 1277 2544 tamea
1298 2497 1385 2560 saepe
1402 2497 1474 2540 ma-

324 2592 431 2652 taatnn
453 2609 512 2670 pen
539 2587 702 2654 licentiam.
747 2589 790 2653 In
818 2590 924 2654 latinis
951 2595 1053 2654 tamea
1075 2580 1215 2652 'anans
1242 2585 1337 2651 inatto
1365 2585 1474 2650 minas

324 2696 479 2758 inoeaitnn
510 2696 717 2777 exceptionum
748 2716 842 2778 qaam
873 2697 908 2760 in
937 2697 1068 2780 ataenis,
1091 2693 1208 2778 ‘eaeqae
1236 2695 1321 2776 ipsae
1346 2695 1474 2774 praeter

319 2801 526 2884 mantissimas
555 2807 693 2866 tenentan
715 2808 796 2867 eenta
819 2804 879 2886 aa
901 2807 930 2866 et
955 2804 1087 2886 natione,
1111 2821 1203 2883 eaqae
1230 2799 1339 2864 initiati
1361 2804 1472 2880 ampe-

244 2902 248 2908 ’
323 2912 436 2972 raatar
458 2907 616 2973 sobrietate
639 2913 666 2973 et
687 2910 836 2992 eteqantia
858 2931 920 2992 qna
946 2910 992 2974 aet
1016 2908 1148 2974 Graecos
1164 2911 1272 2989 poetas
1294 2925 1474 2988 snpaaaere

324 3013 470 3078 Romani.
544 3021 548 3029 '

415 3121 530 3187 Omnia
547 3129 650 3190 antem
668 3145 782 3208 nenena
800 3125 1006 3208 eneeptionam
1028 3123 1083 3188 sab
1101 3127 1211 3205 septena
1229 3121 1365 3186 remeari
1378 3139 1474 3202 posse

324 3228 466 3294 a'aeaar
487 3232 597 3311 specim
621 3230 662 3311 [d.
686 3253 710 3294 r.
734 3253 775 3295 m.
801 3231 997 3311 raa-136}

374 3336 379 3342 ’
417 3333 450 3421 1)
472 3333 616 3401 Primum
635 3337 734 3421 igitur
758 3341 807 3402 est
829 3337 1024 3421 institutum,
1046 3341 1081 3400 at
1104 3337 1194 3400 initio
1212 3333 1331 3400 onitate
1353 3333 1475 3396 metrici

325 3442 427 3506 maior
449 3444 533 3508 adsit
559 3443 682 3508 libertas
704 3423 903 3507 anatomiam
921 3463 1015 3525 onam
1037 3443 1105 3524 fiai.
1147 3440 1228 3505 Onia
1247 3445 1349 3505 antem
1370 3440 1474 3504 nntri-

325 3567 379 3613 oas
400 3553 445 3613 est
465 3536 556 3614 senes
572 3549 696 3633 pedam,
720 3569 846 3613 caesana
868 3553 925 3612 ant
944 3549 1007 3630 fiae
1028 3569 1133 3613 ansas
1156 3548 1330 3630 terminata,
1352 3551 1387 3610 at

438 3696 529 3738 arma
552 3674 719 3757 virumque
743 3695 833 3739 cano.

315 3824 318 3832 ,
358 3805 364 3816 ·
437 3779 554 3845 Troiae
578 3779 634 3864 qui
655 3779 777 3864 primus
801 3781 842 3845 ab
866 3781 940 3845 oris.

316 3974 320 3982 .
440 3910 530 3953 arma
553 3889 720 3972 virumque
744 3909 838 3970 cano,
862 3885 977 3951 Troiae
1001 3885 1056 3971 qui
1079 3885 1202 3968 primus
1227 3885 1267 3948 ab
1291 3885 1364 3949 oris.

416 4012 451 4100 2)
470 4012 583 4078 deinde
602 4015 636 4078 ia
653 4001 902 4093 omsibasioaais
917 4011 990 4093 pias
1009 4009 1189 4076 admittitur
1209 4009 1346 4074 licentiae
1363 4009 1474 4074 metri-

328 4141 384 4184 cae
408 4141 504 4204 quam
528 4121 563 4183 in
585 4119 735 4200 trentham
764 4117 904 4200 itemquo
927 4118 966 4180 ia
985 4116 1174 4182 carminatas
1196 4137 1307 4200 maeno
1330 4136 1475 4180 versatam

327 4246 453 4290 nanneno
477 4225 683 4290 constantibus
706 4225 854 4288 maiorem
876 4223 1020 4287 adhibent
1040 4225 1155 4306 poetae
1183 4223 1350 4287 libertatem
1378 4223 1476 4286 metri
1566 4229 1569 4236 “

326 4353 424 4414 quam
442 4332 478 4395 in
496 4330 670 4396 bmnioatis:
689 4331 815 4394 minuta
829 4329 924 4414 enim,
934 4332 979 4392 nt
993 4331 1105 4414 metra,
1123 4329 1171 4394 ita
1185 4328 1328 4394 carmina
1343 4327 1476 4414 elegan-

328 4438 374 4502 tia
397 4439 600 4521 potissimam
623 4441 656 4502 et
680 4438 858 4503 subtilitate
879 4440 1010 4522 ‘oportet
1032 4436 1194 4502 excellere.
