3260 5292
611 431 729 488 CAPUT
747 431 793 486 IV.
1232 426 1273 490 57

120 595 238 680 αῖῄεέο,
261 596 419 681 aly'etibac,
443 595 550 680 ary'ete,
572 596 697 680 arjctat,
714 594 846 678 parjete,
863 593 1048 680 parjetibaa
1077 593 1190 676 tenuia,
1214 597 1275 656 ten·

119 705 184 787 vi8‚
201 725 313 788 penca,
331 705 509 789 slucy'orum,
527 704 625 787 stele,
648 702 765 786 amajo,
778 701 949 785 mereata.
991 698 1115 766 Contra
1133 701 1167 764 ia
1185 699 1275 764 tuitio

120 812 271 878 nomades
294 811 386 878 dixit:

334 945 463 1010 Italiam
488 946 556 1044 fato
580 945 737 1032 profugus
759 943 940 1026 Lucinaque
962 942 1051 1006 venit

334 1053 442 1137 litora,

123 1217 194 1261 uon
220 1196 421 1278 Lociiliaquc.

219 1312 375 1376 Horatius
391 1312 565 1378 contractis
585 1311 718 1396 syllabis
738 1311 818 1375 dixit
835 1311 869 1375 in
888 1309 1082 1376 hexametris
1104 1310 1277 1393 Naeily‘cni,

101 1420 345 1503 :cirulmujulor3
367 1419 462 1502 cjrtia‘,
485 1418 624 1502 scalpo,
646 1418 697 1482 bis
718 1419 838 1500 pituita,
861 1417 896 1481 in
916 1417 973 1482 alo.
994 1417 1085 1482 hand.
1105 1418 1277 1500 coasily'am,

120 1527 326 1608 principjum.
377 1525 473 1609 Apud
502 1525 646 1590 Ovidium
674 1525 723 1590 bis
752 1524 836 1590 idem
867 1524 1031 1590 invenitur
1053 1528 1181 1590 metam.
1205 1524 1277 1608 Vll,

128 1631 209 1718 1513
233 1631 309 1715 XV,
334 1633 409 1698 718:
1216 1668 1219 1674 ν

288 1748 436 1814 dentibus
460 1745 639 1838 horrendus
664 1751 771 1820 custos
795 1752 865 1814 erat
889 1748 999 1832 arjatis
1023 1750 1119 1814 aurei.

288 1859 321 1920 et
343 1855 439 1919 tellus
463 1853 594 1920 Circaea
617 1858 650 1920 et
673 1856 769 1940 spissi
792 1855 897 1922 litoris
912 1856 1065 1941 'Antjum

221 1978 343 2046 Contra
365 1980 400 2044 in
423 1977 478 2042 illo
504 1980 646 2059 [metam.
669 1979 744 2066 XV,
771 1982 864 2063 709]:

265 2096 338 2161 inde
361 2098 443 2183 legit
465 2098 606 2181 Capreas
632 2097 955 2183 promunturiumque
979 2096 1144 2162 Minervae

127 2211 259 2276 videtur
278 2217 531 2294 promunturium
555 2213 863 2296 antepaenultimam
886 2213 1006 2278 habere
1030 2203 1219 2297 correptam.

219 2319 283 2385 Ter
310 2319 441 2387 admisit
468 2321 628 2406 synizesin
655 2321 842 2405 Propertius
870 2321 904 2384 in
931 2321 982 2384 his
1011 2342 1092 2405 quae
1120 2323 1198 2384 sunt
1225 2321 1278 2386 ab·

123 2425 236 2507 y'eyaac
258 2427 390 2513 abjepai,
414 2430 513 2494 semel
536 2429 694 2494 Iuvenalis
719 2428 764 2492 sic
789 2427 836 2510 [6,
860 2428 932 2508 82]:
1015 2517 1018 2524 1
1118 2439 1124 2446 “

469 2564 658 2628 comitatast
680 2561 787 2646 Eppia
809 2561 940 2645 ludjum.

223 2692 363 2780 Omnino
383 2696 548 2761 abstinent
567 2697 607 2762 ab
628 2719 666 2761 ea
684 2695 846 2776 Tibullus,
870 2692 1004 2779 Seneca,
1027 2693 1186 2760 Martialis
1206 2717 1277 2760 cum

131 2801 292 2886 plerisque
315 2806 498 2887 poetarum,
522 2803 576 2888 qui
599 2803 730 2868 fuerunt
752 2805 827 2886 post
850 2800 1042 2887 Augustum.

221 2925 293 2990 Huc
317 2929 426 2992 antem
450 2947 516 2991 non
537 2927 714 3012 pertinent,
738 2949 933 3012 quamquam
956 2926 989 2990 id
1013 2926 1152 2991 creditur
1172 2926 1278 3011 vulga,

132 3053 245 3096 versus
268 3033 302 3097 in
326 3034 442 3118 quibus
467 3037 516 3098 ast
536 3035 685 3115 fortuitus
708 3033 806 3118 quod,
830 3037 866 3098 ut
886 3035 1043 3116 praeteritus
1064 3031 1163 3097 habet
1181 3054 1277 3116 paen-

49 3145 52 3152 '
131 3139 281 3204 ultimam
313 3161 530 3224 communem,
563 3144 619 3206 aut
645 3142 820 3225 conubium,
851 3141 886 3204 in
912 3163 975 3225 quo
1009 3139 1148 3205 secunda
1180 3139 1278 3204 etiam

132 3246 320 3310 communis.

221 3352 331 3416 Larua
355 3353 487 3418 lacuatis
506 3355 590 3438 apud
609 3355 759 3419 Plautum
784 3357 816 3418 et
838 3353 873 3419 in
896 3354 1036 3438 priapeis
1054 3355 1226 3438 invenitur,
1244 3358 1279 3420 at

134 3459 219 3540 apud
232 3451 405 3524 Horatium
424 3464 456 3524 et
474 3461 668 3545 posteriores
693 3463 789 3526 larua.
824 3462 948 3526 Miluus
962 3461 1003 3525 ad
1016 3461 1163 3526 Persium
1178 3485 1278 3548 usque

133 3563 195 3630 fuit
218 3567 437 3652 trisyllabum,
464 3571 579 3652 postea
603 3567 811 3652 disyllabum,
838 3569 970 3633 relicuus
998 3591 1097 3653 usque
1126 3569 1166 3634 ad
1193 3568 1276 3633 idem

134 3672 260 3756 tempus
290 3674 354 3738 fnit
377 3674 635 3758 tetrasyllabum,
665 3678 779 3758 postea
806 3675 910 3739 dicere
938 3679 1113 3758 coeperunt
1134 3676 1278 3757 reliquas.

136 3775 237 3844 Gaius
259 3780 344 3863 apud
368 3802 479 3846 omnes
503 3781 607 3846 bonos
631 3785 778 3846 auctores
802 3784 851 3844 est
873 3781 1086 3865 trisyllabum.
1304 3760 1309 3770 ¹

225 3904 265 3968 Iu
287 3905 433 3970 vocabula
453 3905 575 3970 Graeca
597 3908 610 3970 i
633 3906 683 3970 vel
705 3927 727 3972 a
750 3927 892 3970 consona
915 3926 981 3970 non
1005 3905 1167 3990 recipitur.
1212 3904 1277 3969 Ita-

136 4027 196 4089 que
216 4031 342 4094 semper
361 4011 530 4076 dicandum
549 4013 682 4097 iambus,
700 4035 767 4078 non
779 4013 913 4098 jambus,
932 4013 1054 4097 Ayaae,
1077 4013 1277 4095 occupabam,

135 4133 200 4178 nou
223 4116 341 4201 Ayaoe,
364 4119 562 4201 acapnum.
599 4117 684 4184 Nam
709 4119 792 4204 quod
816 4120 900 4204 apud
924 4119 1096 4185 Horatium
1123 4118 1180 4202 IV,
1203 4119 1232 4202 2,
1256 4120 1276 4183 2

137 4219 227 4286 Iuliis
253 4223 372 4308 legitur
399 4225 605 4308 disyllabum,
632 4226 698 4316 ubi·
715 4225 889 4291 Aietou-ium
917 4228 1071 4310 appellat,
1099 4226 1160 4290 hoc
1185 4245 1277 4289 voca·

137 4324 247 4392 bulum
279 4333 346 4394 tam
379 4334 429 4395 est
459 4330 611 4435 Latinum
644 4354 740 4416 quam
773 4311 940 4398 Graecum.
995 4331 1118 4397 Contra
1149 4331 1277 4396 Aeneae

137 4430 220 4500 filius
245 4457 370 4520 semper
393 4437 509 4502 dicitur
528 4438 553 4505 I
555 4439 633 4504 relus.
679 4437 894 4524 Excipiuntur
916 4442 1026 4504 tamen
1052 4439 1159 4528 Troia,
1182 4439 1277 4522 Aiax,
