3260 5292
640 459 759 515 oneur
778 421 835 516 ru
1210 491 1214 502 .
1263 461 1302 526 71

685 661 704 738 a
729 657 780 721 ea

248 781 323 846 Non
341 787 443 846 arinen
455 783 589 864 pertinet
606 783 650 847 nd
665 783 833 864 elisionem,
854 782 982 868 quando
1002 781 1082 846 illud
1100 785 1144 846 est
1160 781 1305 867 iungitur
1372 787 1375 794 '

157 911 231 952 cum
254 887 358 953 vocali
380 889 430 952 vel
449 909 480 952 rn
497 887 722 972 praecedente,
744 893 879 973 excepto
904 889 1030 974 quaudo
1055 887 1133 953 illud
1152 889 1186 952 in
1209 888 1303 953 initio

157 994 318 1058 enuntiati
340 994 391 1059 vel
415 994 537 1060 ordinis
561 994 687 1060 metrici
711 995 895 1060 collocatur.
932 995 1036 1058 Aliter
1059 995 1154 1078 enim,
1177 993 1304 1060 etiamsi

156 1123 223 1166 non
247 1104 298 1165 est
321 1101 450 1185 copula,
474 1101 529 1166 sed
554 1100 717 1186 significat
739 1103 843 1166 existit
860 1102 909 1166 vel
932 1101 1010 1185 ticet,
1035 1123 1161 1186 semper
1184 1101 1304 1166 omissa

156 1205 227 1271 ein
251 1203 441 1272 unum‘coit
464 1229 536 1272 eum
564 1207 721 1273 vocabulo
745 1207 955 1292 praecedente
978 1209 1037 1272 ita:

472 1331 601 1414 homost,
624 1336 781 1415 nnpnnst,
802 1337 986 1414 enupnnrnst.
1101 1367 1102 1370 π

246 1453 344 1540 Apud
370 1453 513 1520 Ennium
542 1459 574 1520 ct
603 1453 762 1520 Lucilium
789 1456 837 1520 ita
864 1457 961 1520 etiam
990 1455 1140 1522 coalescit
1169 1477 1241 1521 cum
1265 1457 1304 1521 ris

155 1564 207 1628 vel
231 1565 260 1628 te
283 1560 492 1646 praecedente
515 1565 554 1626 ut
575 1563 692 1648 itemst,
715 1563 907 1628 annitictcnt.

244 1669 354 1736 Etiam
368 1691 399 1736 es
414 1669 554 1734 secunda
569 1690 707 1754 persona
724 1670 897 1754 indicativi,
912 1690 978 1736 non
996 1670 1189 1754 imperativi,
1208 1691 1303 1754 saepe

156 1777 279 1861 patitur
307 1797 473 1862 apocopen
500 1776 710 1858 praecedente
738 1776 841 1840 vocali
869 1776 920 1839 vel
948 1796 995 1852 ne;
1025 1775 1079 1839 sed
1107 1799 1149 1840 an
1180 1798 1306 1861 semper

157 1884 300 1968 patiatur
329 1903 396 1947 non
424 1882 504 1946 satis
533 1884 670 1947 constat.
716 1880 830 1966 Itaque
857 1882 1006 1948 dixerunt
1034 1886 1158 1948 veteres
1182 1883 1304 1968 hernon,

152 1990 310 2072 femtno's,
334 1994 368 2054 tn
389 1987 544 2070 qecidern's.

245 2096 417 2161 Praeterea
439 2095 496 2160 iste
518 2116 696 2178 pronomen
719 2096 803 2178 opud
824 2096 964 2179 optimos
984 2100 1143 2180 auctores,
1164 2100 1201 2162 ut
1220 2098 1305 2183 apud
1405 2171 1414 2186 ,

154 2203 328 2284 Horatium
351 2202 384 2266 in
403 2200 552 2286 epistulis
576 2200 622 2284 II,
646 2202 680 2284 2,
707 2201 783 2285 1633
808 2203 892 2286 apud
917 2203 1086 2286 Vergilium
1106 2204 1140 2268 in
1159 2226 1228 2270 aen.
1248 2204 1304 2285 Vl,

155 2310 235 2394 389,
259 2307 446 2394 aliquando,
470 2307 525 2372 sed
550 2327 624 2372 raro
644 2307 830 2392 admodum,
854 2309 975 2373 amittit
993 2309 1135 2376 vocalem
1156 2311 1303 2396 primam,

135 2437 223 2481 non
245 2416 310 2498 ipse
333 2418 390 2479 aut
412 2414 471 2479 nn

245 2520 311 2586 Oct.
334 2521 373 2585 cf.
397 2520 425 2585 d.
449 2541 473 2583 r.
497 2519 857 2603 m.301-304;345.

244 2626 366 2692 Contra
393 2625 428 2689 in
456 2623 616 2690 adverbiis
645 2647 839 2711 rnnpnopere,
865 2647 1053 2711 summopere
1083 2630 1153 2694 sim.
1177 2653 1303 2715 semper

152 2734 191 2797 fit
219 2732 335 2822 elisios
352 2754 428 2796 nam
456 2731 596 2796 Romani
626 2731 824 2817 scripserunt
847 2755 891 2798 ac
913 2735 1168 2818 pronuntiarunt
1190 2758 1301 2822 rnepno

152 2859 254 2923 opere,
275 2859 395 2904 menno
418 2859 520 2922 operm
544 2839 583 2904 cf.
607 2838 683 2904 dr.
707 2861 748 2903 m.
772 2839 847 2904 289.

438 3044 487 3098 De
510 3041 608 3099 hictu
632 3035 674 3115 [d.
697 3055 722 3098 r.
745 3057 787 3098 m.
810 3031 1017 3116 304-312].
1139 3033 1142 3040 ’

677 3159 773 3239 ξ39.
1074 3155 1078 3162 “

242 3284 405 3348 Interdum
440 3282 552 3346 omisso
587 3282 711 3348 elisione
746 3283 783 3363 nr
818 3281 931 3348 tintus.
991 3284 1052 3364 Qiii
1085 3290 1186 3351 tannen
1217 3289 1303 3369 opud

151 3389 317 3471 dactylicos
340 3389 470 3454 Latinos
493 3389 589 3454 rnntto
612 3394 656 3453 est
676 3390 781 3454 rarior
807 3411 901 3472 qnare
922 3391 1008 3474 oprtet
1029 3391 1170 3458 Graecos.
1218 3393 1302 3474 Qun

150 3497 234 3578 qnod
254 3497 316 3578 ipsi
340 3495 476 3560 Ptentns
499 3516 536 3560 ec
560 3495 719 3560 Terentius
734 3501 859 3578 praeter
881 3517 1040 3562 emsnrent
1061 3503 1118 3564 ont
1138 3503 1231 3582 tirreni
1253 3502 1316 3566 di·

155 3599 250 3667 tent
276 3607 305 3667 et
324 3603 454 3685 inceptis
475 3601 691 3684 rnonosyttntis
714 3603 812 3685 toneia
833 3603 879 3668 cet
901 3605 936 3668 in
958 3625 990 3668 m
1012 3599 1200 3683 exeuntibus,
1223 3627 1301 3690 qnae

155 3711 189 3772 in
220 3710 286 3773 ursi
312 3709 595 3784 essent'cotteeatae
625 3713 763 3790 senciente
793 3709 889 3774 coculi
921 3710 1014 3794 dreni,
1041 3711 1119 3775 sctis
1145 3733 1218 3777 rnre
1249 3715 1301 3778 nsi

152 3820 226 3880 sunt
246 3815 357 3879 tinto?

241 3921 362 3986 Hintres
389 3925 492 3986 annin
512 3922 623 4003 priene
650 3927 694 3988 est
720 3922 780 4001 len,
807 3925 842 3986 nt
868 3941 900 3988 eo
926 3925 1028 4006 crepis
1044 3924 1145 4006 possi
1167 3925 1299 4001 edntitti,

152 4049 211 4110 qno
238 4028 346 4094 durior
368 4032 397 4092 et
418 4029 571 4110 inperitior
593 4033 637 4094 est
658 4029 756 4113 elisio,
784 4049 816 4094 eo
839 4028 957 4108 reinna,
979 4050 1038 4114 qne
1059 4031 1159 4113 mepte
1181 4031 1299 4096 natatu

64 4197 72 4212 „
151 4135 305 4216 etfacilis
325 4133 399 4201 tneo
421 4139 472 4199 est.
633 4141 637 4148 '
1284 4127 1287 4136 ’

142 4261 145 4266 ·
240 4240 352 4322 Itaque
378 4209 674 4323 inpectissirnns'est
693 4241 810 4325 tintus,
833 4243 955 4324 qnando
978 4233 1105 4307 enedem'
1120 4249 1226 4308 eoennt
1247 4266 1297 4309 no·
1423 4263 1427 4270 ·

149 4348 246 4424 eudem
275 4346 358 4410 unde
386 4345 552 4411 commode
581 4369 618 4412 eo
646 4369 723 4412 usus
758 4347 910 4431 Veryitins
933 4348 967 4412 in
990 4367 1024 4412 re
1055 4348 1156 4413 atroci
1180 4349 1296 4416 descri-

145 4453 256 4524 benda
278 4451 340 4518 ita:
