3260 5292
395 445 438 510 70
591 531 599 546 .
874 446 993 502 CAPUT
1010 447 1058 504 IV.

442 588 451 604 ¹
482 609 522 674 In
539 613 645 692 quinto
657 611 742 694 pede,
765 631 837 674 eum
855 611 1002 676 exclusus
1026 611 1069 675 sit
1090 611 1188 676 abeo
1211 611 1277 676 fere
1301 613 1471 696 spondeus,
1491 613 1525 676 ob

394 717 427 782 id
450 718 556 801 ipsum
580 717 682 782 maior
705 717 797 780 adest
824 717 956 782 libertas
979 717 1118 784 elidendi
1145 740 1241 802 quam
1269 719 1303 782 iu
1329 720 1394 784 fine
1417 718 1525 782 ordinis

339 869 342 878 ,
394 823 520 888 metrici
543 828 702 908 expectes,
724 823 862 888 marime
885 824 920 887 in
944 823 1010 888 arsi
1032 827 1066 890 et
1087 825 1171 890 thesi
1195 825 1341 909 secunda,
1365 829 1403 890 ut
1429 828 1526 890 tamen

395 953 415 994 u
439 930 515 996 theat
537 931 607 995 iude
628 932 738 1013 prima
760 953 834 996 raro
862 930 1035 996 admodum
1061 932 1180 1016 longae
1202 933 1254 996 vel
1276 933 1310 996 in
1331 951 1365 996 m
1388 919 1526 996 exeuntes

390 1025 559 1102 'elidantur
580 1037 717 1102 vocales.
762 1035 799 1100 Id
823 1037 920 1102 etiam
941 1037 1046 1122 magis
1070 1039 1261 1103 observatur
1282 1039 1317 1104 in
1339 1038 1421 1124 pede
1440 1041 1527 1102 sexto.

396 1143 444 1209 Of.
463 1143 535 1208 dr.
553 1165 594 1206 m.
613 1143 687 1208 298.

484 1249 631 1334 Denique
650 1250 676 1314 si
695 1249 780 1314 adsit
797 1250 1060 1333 hqurtkemimeris
1077 1271 1147 1318 arm
1165 1253 1388 1335 talaminiam,
1410 1249 1527 1316 eaedem

394 1357 462 1421 fere
494 1356 663 1420 elisionum
684 1357 917 1440 ,observantiae
949 1356 1069 1422 adsunt
1095 1351 1191 1444 atque
1222 1361 1257 1424 in
1283 1357 1526 1444 penthemimeri.

395 1463 508 1548 Itaque
536 1463 595 1527 tali
622 1445 810 1528 condicione
838 1483 912 1527 raro
940 1463 1070 1528 eliditur
1097 1465 1198 1551 longa
1229 1467 1280 1530 vel
1307 1466 1343 1529 in
1370 1485 1404 1529 m
1431 1463 1526 1528 exieus

395 1571 429 1634 in
451 1569 538 1634 thesi
562 1569 700 1653 secundi,
722 1570 824 1654 tertii,
848 1571 956 1654 quarti
978 1571 1084 1655 pedis,
1111 1573 1147 1636 in
1170 1572 1235 1636 arsi
1263 1577 1374 1637 autem
1401 1568 1525 1636 secunda

395 1675 493 1742 tertia
511 1677 626 1758 quarta
643 1697 703 1759 pro
718 1677 873 1741 varietate
888 1680 1055 1741 auctorum
1074 1679 1170 1744 modo
1189 1679 1302 1763 maior,
1320 1679 1418 1743 modo
1436 1676 1526 1740 minor

396 1781 522 1848 obtinet
546 1780 684 1872 elidendi
705 1771 847 1849 libertas.
890 1782 1039 1849 Ceterum
1062 1785 1235 1850 atvertum
1251 1787 1374 1868 pariter
1391 1787 1462 1866 post
1481 1786 1525 1844 ter·
1589 1852 1590 1855 Ἴ

396 1891 473 1952 tiam
494 1895 524 1953 et
545 1894 690 1971 quartam
712 1891 801 1956 arsia
827 1891 972 1974 finiatur,
999 1895 1036 1954 ut
1057 1895 1132 1975 post
1154 1893 1242 1973 arsin
1269 1896 1419 1977 quartam
1445 1889 1525 1952 inter-
1589 1890 1590 1893 ’

395 1995 526 2078 punctio
558 1995 614 2078 sit,
640 1995 676 2058 in
702 1995 787 2061 thesi
816 2001 932 2081 quarta
958 1998 1057 2082 longa
1083 1998 1136 2062 vel
1163 1997 1196 2061 in
1220 2019 1252 2062 m
1280 1998 1390 2062 exiens
1419 1993 1526 2078 syllaba
1589 1996 1590 2063 ᾗ

395 2101 542 2180 elidatur,
566 2104 603 2164 ut
624 2101 658 2164 in
681 2101 751 2167 illo:
1213 2089 1217 2100 ’
1589 2088 1590 2093 ¹

563 2207 643 2272 haee
666 2208 738 2272 finis
761 2207 882 2274 Priami
905 2209 1056 2288 fatorum·
1079 2210 1260 2276 hio-exitus
1283 2211 1376 2275 illum

298 2373 303 2384 ,
564 2316 650 2378 sorte
672 2299 762 2398 tulit,
1589 2348 1590 2359 κ

395 2417 482 2483 haud
506 2419 601 2484 dubie
625 2422 675 2483 est
700 2422 871 2487 statuenda
892 2423 1155 2506 penthemimerts,
1181 2443 1245 2488 noa
1271 2420 1526 2507 nahtamata.
1589 2506 1590 2509 Ἴ

484 2525 595 2592 Etiam
618 2527 653 2592 ia
669 2533 861 2610 pentametro
889 2531 1028 2595 maxime
1052 2531 1223 2595 elisionum
1251 2534 1284 2594 et
1306 2527 1483 2615 frequentia
1501 2526 1527 2586 et
1589 2564 1590 2573 κ

397 2633 532 2698 audacia
550 2634 585 2697 ia
604 2633 680 2699 theat
695 2637 785 2716 pedis
801 2637 903 2718 primi
920 2641 948 2701 et
969 2639 1094 2703 secundi
1115 2639 1182 2702 urst
1204 2637 1372 2722 reperitur.
1413 2635 1455 2700 Ia
1474 2652 1526 2697 aar·

396 2761 472 2804 sura
493 2742 571 2824 post
590 2739 754 2806 Catullum
778 2743 818 2807 ad
841 2741 1028 2807 Iuvenalem
1046 2766 1148 2829 usque
1166 2765 1262 2808 nemo
1287 2742 1419 2808 admisit
1440 2739 1526 2804 elisio
1589 2792 1590 2799 ,

397 2867 485 2928 nem,
505 2851 579 2928 post
601 2867 761 2914 caesaram
783 2848 930 2913 'tibullus
961 2851 1058 2914 semel
1087 2853 1120 2914 et
1146 2848 1332 2934 Propertius
1360 2853 1422 2934 ter,
1447 2865 1526 2910 nemo
1589 2906 1590 2929 ἦ

396 2955 519 3037 postea.
569 2953 615 3018 Ire
635 2955 804 3036 posteriore
824 2961 918 3038 porte
939 2957 1126 3038 pentametri
1155 2960 1222 3021 tam
1251 2975 1364 3022 severa
1391 2954 1440 3019 usi
1465 2951 1527 3015 sunt

396 3059 467 3143 lege
496 3057 628 3124 Ovidius
652 3065 684 3124 et
711 3061 856 3147 plerique
885 3063 955 3144 alii,
982 3066 1019 3128 ut
1041 3063 1158 3148 longas
1191 3063 1242 3128 vel
1270 3063 1306 3128 in
1332 3083 1365 3126 m
1393 3059 1526 3126 exeuntes

398 3165 538 3250 syllabas
562 3167 695 3231 omuino
717 3190 784 3232 non
808 3169 971 3234 eliderent.
995 3168 1084 3270 ¹Oet.
1107 3171 1147 3234 ef.
1171 3169 1199 3234 d.
1222 3193 1247 3234 r.
1271 3191 1311 3232 m.
1335 3169 1411 3252 300,
1436 3167 1460 3230 1.

486 3271 529 3334 In
546 3273 673 3356 retrqais
691 3276 796 3340 mama
814 3275 875 3339 hae
893 3276 961 3340 fere
981 3277 1207 3342 tbsarvantiae
1226 3275 1384 3360 optinent,
1403 3277 1438 3338 ut
1450 3267 1525 3335 elisio
1589 3332 1590 3343 ,

397 3399 471 3442 raro
500 3377 693 3443 adhibeatur
719 3380 753 3443 in
782 3381 922 3466 syllaba,
950 3404 1032 3467 quae
1060 3384 1110 3446 est
1136 3383 1170 3446 in
1193 3403 1326 3446 caesura
1350 3384 1407 3446 aut
1433 3373 1500 3444 stati

398 3485 474 3566 post
492 3505 666 3568 caesuram,
689 3489 788 3570 utque
811 3488 846 3551 in
865 3510 903 3552 ea
920 3491 1013 3573 parte
1031 3509 1152 3566 nerana,
1176 3492 1327 3572 quaeest
1345 3492 1419 3554 ante
1437 3500 1525 3550 cassu·

398 3609 472 3654 ram·
491 3593 549 3656 aut
566 3591 672 3656 media
694 3592 779 3658 inter
796 3614 962 3662 caesuram
980 3599 1013 3660 et
1035 3596 1133 3660 finem
1151 3617 1273 3677 sersus,
1297 3596 1436 3670 maxima
1457 3584 1526 3655 adsit
1589 3594 1590 3613 ¹

333 3717 336 3724 ¹
371 3686 540 3762 ¹libertas.
594 3697 633 3762 In
666 3697 812 3780 iambicis
843 3696 999 3766 trimetris
1033 3699 1154 3766 Seneca
1190 3701 1368 3785 permultas
1401 3690 1526 3765 admittit

398 3801 558 3887 elisiones,
580 3804 718 3870 maxime
741 3807 776 3870 in
799 3807 912 3892 quinta
935 3787 1009 3891 arsi,
1033 3807 1108 3892 quia
1131 3808 1172 3872 ab
1196 3807 1257 3871 hoe
1275 3807 1365 3891 pede,
1389 3810 1424 3871 ut
1445 3818 1525 3883 supra
1589 3804 1590 3807 ’

398 3910 588 3993 memoravi,
621 3912 767 3976 exclusus
800 3917 850 3978 est
885 3913 1045 3992 iambus..
1075 3913 1119 3978 Ia
1154 3915 1259 3978 metris
1291 3914 1395 3996 lprieis‘
1422 3909 1526 3993 praeter
1588 3965 1589 3968 ,

398 4015 578 4096 sapphiram
605 4017 761 4083 Horatius
788 4019 867 4083 satis
896 4041 991 4103 saepe
1019 4019 1103 4084 eirea
1131 4041 1297 4084 caesuram
1320 4015 1460 4084 admittit
1483 4007 1525 4074 eli·
1589 4016 1590 4019 ’

400 4121 523 4186 sionem
547 4125 583 4186 ut
605 4123 641 4186 in
663 4123 740 4188 illis:
790 4113 793 4119 ⁴
1589 4108 1590 4119 ἵ

558 4228 611 4294 hio
634 4230 754 4294 bellum
777 4231 991 4316 lacrimosam,
1013 4232 1062 4296 die
1084 4233 1234 4298 miseram
1257 4233 1375 4297 famam

559 4339 745 4421 pestemque
769 4359 788 4400 a
809 4339 928 4422 populo
950 4343 979 4402 et
998 4323 1143 4423 principe
1167 4337 1304 4404 Caesare
1326 4340 1369 4403 in.
1437 4325 1445 4369 .·

401 4439 467 4506 Sed·
486 4442 519 4505 id
542 4446 711 4528 sequentes
735 4443 877 4512 studiose
900 4445 1064 4510 vitarunt«
