3260 5292
663 457 781 512 CAPUT
801 457 847 512 IV.
1285 459 1324 523 77

274 620 380 706 Atque
403 621 450 685 ita
473 619 630 706 Lucilius,
654 622 708 705 qui
731 621 829 686 etiam
853 644 889 698 ος
911 621 1040 687 finalem
1065 621 1098 686 in
1121 622 1330 688 nominativis

184 729 342 792 secundae
366 729 413 793 ita
435 729 612 812 truncavit,
643 732 676 792 et
698 728 865 795 Lucretius
889 751 925 793 ac
950 730 1048 793 semel
1072 727 1217 794 Catullus
1242 731 1330 813 [116,

184 837 227 914 81.
283 833 368 901 Nam
398 833 561 900 Ciceronis
590 839 734 919 tempore
762 839 876 919 poetae
904 835 980 900 novi
1008 836 1073 899 iam
1102 836 1330 920 improbabant

183 942 267 1007 hunc
291 963 422 1007 morem.
469 939 537 1006 (let.
561 941 600 1006 cf.
624 942 652 1006 d.
676 963 701 1006 r.
725 963 765 1006 m.
790 941 868 1026 344,
893 942 922 1006 5.

262 1183 311 1239 De
334 1181 510 1253 productis
533 1182 568 1237 in
591 1182 658 1238 arsi
681 1178 839 1238 finalibus
864 1172 906 1253 [d.
930 1195 953 1238 r.
977 1195 1018 1237 m.
1042 1139 1257 1254 32123331

638 1365 641 1370 ,
694 1299 729 1394 Ιξ,
754 1297 806 1362 45.

271 1421 498 1488 Prodintnnnn
525 1423 558 1488 in
580 1423 647 1488 ensi
668 1423 814 1506 finnlinrn
837 1417 926 1508 (nam
949 1425 1077 1506 praeter
1099 1423 1212 1488 finales
1235 1444 1274 1487 ne
1295 1423 1331 1487 in

182 1530 249 1594 ursi
279 1530 401 1610 qnidmi
432 1533 541 1614 potest
572 1529 641 1594 fieri
673 1528 842 1614 productio
868 1527 991 1615 brevis)
1018 1531 1137 1594 eaedem
1164 1530 1229 1610 scre
1258 1535 1333 1595 erint

184 1636 258 1716 leues
281 1641 371 1717 utqne
393 1635 497 1702 biutns
518 1638 553 1702 in
576 1637 643 1702 ersi
664 1637 836 1702 occidentis.
1045 1621 1050 1630 ¹

271 1742 385 1828 Itaque
404 1765 471 1808 non
496 1743 571 1809 licet
589 1743 799 1826 monosyllaba
817 1743 850 1806 in
866 1742 930 1806 arsi
948 1741 1080 1824 produci
1095 1764 1197 1828 neque
1216 1743 1329 1808 finales

181 1850 371 1924 innuentem
393 1853 559 1934 exeuntes,
583 1853 714 1933 excepto
738 1849 823 1933 quod
846 1848 971 1914 Ennius
995 1848 1076 1915 dixit
1099 1872 1173 1915 ann.
1199 1851 1277 1916 148:

396 1970 428 2030 et
451 1966 557 2031 densis
581 1966 690 2050 aquile·
712 1965 820 2048 pinnis
844 1964 962 2029 obnixa
986 1965 1117 2030 volabat

183 2085 216 2146 et
245 2081 409 2166 Venitne,
432 2081 496 2146 nisi
519 2084 688 2165 corruptus
712 2083 762 2145 est
784 2101 912 2165 versus,
936 2103 1004 2146 aen.
1028 2080 1195 2165 111‚·464:

334 2197 420 2262 dona
443 2196 560 2262 dehinc
584 2219 662 2262 auro
686 2196 797 2281 gravia
821 2199 971 2282 sectoque
995 2196 1175 2280 elephanto.

271 2310 441 2378 Praeterea
458 2313 540 2404 mira
560 2317 592 2378 ct
614 2333 765 2397 perversa
787 2311 971 2378 imitatione
990 2311 1155 2378 Homerici
1177 2310 1329 2376 carminis

181 2418 315 2503 Accius,
348 2419 512 2502 Vere-itinn,
543 2419 685 2504 (tridino,
713 2424 827 2504 poetae
855 2419 949 2504 pauci
978 2439 1059 2484 saec.
1082 2442 1113 2503 p.
1136 2418 1209 2485 Ohr.
1232 2419 1330 2502 primi
1358 2404 1360 2410 ¹

181 2545 239 2607 qne
267 2525 449 2590 encliticam
477 2525 649 2610 aliquando
672 2527 909 2608 producentia
934 2527 1035 2608 primo
1056 2527 1134 2608 pecie
1161 2530 1190 2589 et
1215 2526 1330 2608 quinte,
1448 2523 1451 2538 '

182 2632 211 2694 si
235 2632 406 2716 praecedat
424 2632 617 2697 vocabulum
637 2633 832 2717 dactylicum
852 2633 903 2698 vel
928 2632 1152 2716 spondiacum,
1176 2634 1331 2714 sequatur

181 2759 285 2822 paeon
308 2739 423 2804 tertius
447 2740 498 2804 vel
522 2740 743 2806 antibacchius
768 2762 840 2808 curn
864 2741 966 2805 altera
988 2760 1059 2822 qiee,
1074 2741 1210 2822 utputa:
1307 2801 1312 2811 ,

342 2854 512 2936 liminaque
534 2855 707 2941 laurusque
731 2855 782 2920 dei
805 2860 956 2940 totusque
980 2854 1109 2920 moveri.

341 2960 526 3026 Arcesilaus
551 2966 644 3027 atrox
667 2956 929 3045 Prothoenorqne
944 2959 1156 3046 Cloniusque.

277 3077 442 3160 Vcr'pilinS,
470 3081 507 3142 ut
534 3077 661 3142 excellit
684 3076 853 3162 diligentia
876 3078 964 3162 exili,
992 3080 1103 3142 coest
1130 3095 1330 3162 progressus,

181 3185 219 3246 ut
240 3203 297 3264 qne
319 3205 386 3248 non
408 3183 598 3267 produceret
621 3183 684 3248 nisi
715 3184 921 3269 sequentibus
945 3187 1001 3248 aut
1030 3184 1153 3248 duabus
1178 3185 1329 3248 consonis

182 3289 232 3354 vel
261 3289 380 3373 duplici
408 3312 550 3356 consona
573 3293 630 3356 aut
657 3289 778 3376 liquida
802 3293 857 3355 aut
885 3291 987 3355 sibila.
1033 3287 1101 3354 Oct.
1128 3289 1167 3354 cf.
1188 3288 1217 3355 d.
1240 3313 1264 3356 r.
1288 3313 1329 3354 m.

183 3395 263 3480 321,
285 3397 337 3462 22.
537 3399 540 3404 '

270 3503 341 3568 Iam
364 3503 506 3568 llnniurn
531 3508 563 3569 et
585 3503 744 3569 Lucilium
773 3506 902 3568 secutus
932 3503 1084 3586 Verpilins
1111 3503 1239 3568 admisit
1254 3524 1330 3585 pno-

182 3609 353 3674 dncticncrn
377 3611 474 3674 meeis
495 3611 603 3692 [in-ulis
625 3616 682 3675 urit
703 3612 738 3673 in
759 3631 886 3674 cuesinu
909 3611 1058 3696 lepitinnu,
1081 3611 1143 3674 siue
1160 3609 1330 3692 penthemi-

183 3717 261 3779 meri
286 3717 349 3780 sinc
375 3718 456 3798 qnod
486 3721 531 3781 est
561 3718 668 3781 noricis
701 3716 961 3800 bnrbtbeniinrcri,
992 3721 1048 3780 unt
1063 3703 1066 3710 ¹
1079 3717 1252 3797 insequente
1281 3737 1330 3780 nc·
1396 3729 1400 3734 '

182 3819 289 3886 eubule
308 3822 426 3888 Graeco
444 3828 501 3888 unt
517 3824 552 3887 in
570 3824 668 3888 uerbis
687 3825 780 3888 tricem
803 3824 956 3906 finalium
967 3823 1102 3899 brevium
1119 3827 1176 3885 out
1191 3826 1331 3903 nocente

182 3929 425 4012 interpunctione
446 3932 496 3994 ut:
561 3925 574 3946 ⁸
803 4014 806 4020 .
944 3923 949 3930 ’

334 4037 444 4100 omnia
467 4035 569 4100 vincit
592 4057 694 4114 arnon
718 4039 752 4100 et
774 4059 834 4102 nos
858 4036 1006 4102 cedamus
1030 4035 1140 4100 amori.

334 4147 426 4228 terga
449 4142 622 4228 fatigamus
642 4146 646 4223 Ι
666 4143 762 4207 hasta
784 4165 843 4208 nec
864 4143 958 4214 tarda
982 4146 1139 4208 senectus.
1189 4182 1193 4192 f

333 4247 480 4314 Pleiadas
502 4249 636 4332 Hyades
659 4250 840 4334 claramque
864 4249 1024 4334 Lycaonis
1050 4249 1180 4313 Arcton.

335 4356 534 4439 muneribus,
557 4355 617 4420 tibi
641 4357 813 4440 pampineo
837 4357 988 4441 gravidus
1010 4360 1175 4422 autumno.
1303 4373 1307 4380 ’

334 4463 453 4527 oratis?
475 4463 624 4546 equidem
648 4466 681 4526 ct
704 4463 784 4528 vivis
809 4463 983 4528 concedere
1007 4463 1131 4528 vellem.
