3260 5292
634 429 753 484 CAPUT
772 429 817 484 IV.
1258 432 1301 496 65

144 592 278 657 tissime
303 569 455 658 Senecae·
470 591 619 673 cantiae,
649 613 687 656 ea
710 591 737 656 si
761 613 832 656 oum
861 591 1025 673 diverbiis,
1050 614 1131 678 quae
1154 593 1301 660 iambicis

114 743 117 746 -
148 702 338 786 conscripta
361 703 438 766 sunt
458 699 630 783 trimetria
662 699 868 783 compararis.
912 699 1085 766 Praeterea
1111 701 1145 764 in
1173 702 1302 786 minori·

147 810 214 874 bus
243 808 390 875 versibus
423 807 527 896 magis
555 806 719 872 abstinent
746 809 861 890 poetae
890 807 931 891 ab
960 806 1109 872 elidendo
1143 830 1238 894 quam
1266 809 1301 873 in

150 915 338 981 maioribus.
426 955 434 960 -
563 959 565 964 ·

243 1021 389 1105 Denique
418 1020 643 1108 dignissimum
670 1020 841 1100 memorie,
873 1024 1055 1104 poetarum,
1090 1021 1145 1105 qui
1172 1021 1303 1086 fuerunt

146 1134 220 1212 post
242 1129 432 1213 naastan,
459 1111 585 1211 partem
614 1128 710 1212 longe
733 1128 888 1192 maiorem
913 1128 1045 1192 omnino
1073 1127 1171 1192 fuisse
1199 1130 1302 1193 multo

149 1237 332 1322 parciorem
354 1235 595 1318 cautioremque
618 1234 651 1298 in
676 1234 863 1326 elisionibus
887 1233 1094 1298 admittendis
1118 1210 1218 1319 quani
1239 1257 1303 1316 eos,

149 1344 208 1428 qui
237 1343 371 1426 priores.
419 1340 514 1406 Unde
542 1341 672 1426 quidam
701 1341 827 1406 illorum
857 1345 913 1405 aut
942 1340 1104 1406 rarissime
1134 1346 1190 1406 aut
1212 1364 1302 1407 num-

150 1471 251 1534 quam
275 1449 451 1514 admittunt
474 1448 650 1514 elisionem.

677 1611 705 1688 s.
729 1607 781 1672 aa

106 1795 112 1802 -
243 1750 314 1816 Iam
337 1755 375 1816 ut
392 1752 528 1816 elisionis
550 1749 722 1816 sabtiliores
740 1750 891 1831 qnaedana
912 1750 1071 1814 addantur
1089 1749 1302 1829 observantiae,

54 1857 58 1862 ’
151 1879 215 1922 non
240 1863 374 1940 possent
403 1859 477 1923 elidi
507 1857 717 1940 anroenitate
744 1857 835 1939 lanea
857 1861 913 1920 ant
935 1857 969 1921 in
994 1854 1056 1922 ‘nn'
1084 1859 1227 1922 exeuntia
1254 1859 1300 1922 in·
1328 1845 1331 1851 ¹

149 1971 290 2048 sequente
327 1966 410 2030 brevi
445 1965 577 2050 syllaba,
609 1965 673 2028 nisi
709 1984 786 2048 antae
819 1968 893 2028 sant
927 1963 1157 2028 indeclinabilia
1192 1969 1249 2028 aa
1282 1986 1302 2028 a
1380 1949 1383 1956 ¹

149 2071 282 2152 fleaione
301 2071 437 2155 lepitintn
459 2073 570 2136 aliena.
616 2069 731 2156 Itaque
755 2073 891 2155 possunt
914 2071 990 2134 elidi
1014 2071 1103 2135 velut
1125 2090 1181 2147 nne,
1204 2075 1239 2148 te,
1262 2091 1302 2153 se,

150 2179 198 2242 eni
220 2200 278 2262 pro
302 2178 393 2264 anibi,
417 2183 458 2260 tn,
482 2179 536 2261 qni
558 2179 591 2242 in
616 2178 785 2263 singulari,
807 2178 848 2257 si,
871 2178 916 2262 ni,
938 2177 985 2256 de,
1009 2197 1091 2260 carn,
1115 2181 1194 2261 tarra,
1216 2198 1301 2256 narn,

148 2286 472 2370 annaneane,
496 2290 573 2364 tana,
596 2305 677 2371 sara,
705 2307 773 2350 non
797 2287 935 2370 possunt
962 2283 1041 2348 elidi
1065 2284 1219 2368 volutae,
1242 2306 1302 2368 epe,

149 2393 204 2474 do,
226 2397 284 2477 sta,
308 2413 385 2472 ran,
408 2413 505 2476 spana
528 2394 603 2476 dean,
626 2398 709 2475 steen,
732 2393 801 2475 siin,
823 2391 899 2475 quia
922 2389 1023 2455 habes
1048 2390 1198 2480 similiter
1220 2391 1303 2456 flexa

149 2500 242 2563 aetina
270 2499 367 2564 nolirn
389 2501 499 2566 malina
522 2501 616 2565 einim.
1253 2491 1256 2496 ¹

242 2606 383 2671 Ianebica
409 2612 546 2690 sentiente
573 2591 670 2671 vocali
697 2610 789 2670 acnta
815 2605 861 2669 aet
890 2604 972 2668 brevi
1001 2625 1065 2668 non
1095 2606 1198 2671 solere
1227 2607 1302 2671 elidi

152 2713 221 2777 iam
249 2735 346 2797 supra
373 2714 558 2778 memoravi.
610 2710 672 2777 Sed
703 2710 790 2776 haud
818 2711 911 2794 pauci
939 2713 1055 2794 poetae
1087 2733 1125 2776 ne
1152 2714 1188 2775 in
1206 2715 1303 2796 ‘praei

150 2821 274 2902 arridere
292 2821 411 2904 syllaba
434 2843 472 2885 ea
491 2820 654 2903 eliserunt,
677 2821 713 2882 ut
732 2817 907 2904 Lucretius,
929 2817 1090 2902 Tibullus,
1116 2817 1302 2884 Ouidins'in

151 2924 301 2991 distichis
330 2930 459 3012 praeter
482 2927 654 3012 epistulam
678 2923 819 2990 Helenae
845 2925 924 3006 [her.
951 2925 1000 3010 17,
1024 2925 1093 3008 97],
1118 2923 1240 2992 Seneca
1268 2927 1301 2991 in

152 3034 298 3100 canticis.

243 3140 355 3206 Cretici
376 3144 411 3208 in
430 3143 512 3208 brevi
535 3143 603 3208 elisi
625 3141 836 3208 inveniuntur
855 3140 938 3224 apud
958 3139 1110 3222 Ennium,
1133 3137 1301 3222 Lucilium,

155 3245 320 3313 Catullum
343 3252 471 3333 praeter
494 3250 698 3314 hexametros
723 3247 904 3332 continuos
922 3245 1093 3311 Henetiam
1117 3247 1150 3310 in
1174 3249 1301 3332 saturis,

154 3355 320 3419 auctorem
337 3357 463 3440 priapei
482 3356 525 3422 85
546 3357 604 3437 [l],
624 3356 658 3420 in
677 3355 837 3421 trimetris
853 3351 1002 3438 Senecae,
1025 3375 1201 3438 numquam
1220 3355 1300 3420 alias

153 3482 256 3546 usque
279 3462 318 3526 ad
342 3461 535 3528 Iuvenalem.
582 3460 629 3527 Of.
650 3462 679 3527 d.
697 3485 721 3526 r.
741 3485 782 3526 m.
802 3461 876 3542 285,
896 3462 947 3526 86.
1009 3449 1011 3453 ’

243 3565 304 3632 Sed
325 3569 423 3634 etiam
441 3569 676 3650 spendiaeonnna
693 3569 730 3633 in
747 3569 829 3633 breui
846 3569 932 3633 elisio
950 3568 989 3632 ab
1009 3566 1116 3632 Onidio
1133 3569 1205 3632 inde
1227 3590 1300 3634 raro

154 3673 325 3754 invenitur.
372 3675 454 3752 Quid
479 3675 563 3761 quod
586 3673 681 3740 multi
705 3678 872 3740 auctorum
895 3674 1125 3760 posteriorum,
1147 3678 1184 3738 ut
1207 3673 1301 3739 Olau-

154 3780 283 3864 dianus,
317 3783 448 3847 omnino
476 3782 704 3847 abstinuerunt
732 3781 773 3848 ab
797 3781 863 3846 ea?
917 3781 997 3860 Alii,
1028 3784 1065 3845 ut
1092 3779 1239 3846 Catullus
1267 3781 1301 3844 in

153 3885 350 3954 hexametris
368 3889 540 3974 eonhnuis,
563 3889 707 3954 Tibullus
731 3892 860 3974 praeter
877 3887 1109 3980 panegyricum
1129 3886 1300 3954 Messallae

154 3994 167 4072 [
169 3990 231 4076 IV,
257 3995 301 4074 1],
331 3995 385 4079 qui
413 3998 464 4060 est
491 3996 572 4062 alius
601 3995 755 4088 auctoris,
784 3995 913 4060 Ovidius
939 3995 974 4060 in
1005 3993 1155 4077 dicticinio,
1189 3997 1302 4060 auctor

152 4097 264 4183 Nuais,
288 4100 447 4186 Lucanus,
469 4101 639 4187 Martialis,
662 4103 697 4168 in
720 4103 823 4187 primo
848 4102 953 4166 solum
974 4099 1054 4184 pede
1076 4101 1175 4165 talem
1195 4100 1300 4166 elisio-

150 4227 228 4272 nem
251 4208 314 4272 sibi
338 4209 562 4293 permiserunt.
608 4205 658 4274 Of.
676 4208 704 4272 d.
723 4229 748 4272 r.
766 4230 808 4272 m.
827 4207 1011 4273 aaa—289.

241 4313 375 4379 Praeter
401 4315 540 4382 iambica
563 4314 660 4380 etiam
684 4315 791 4397 tenpus
812 4315 922 4397 finales
943 4314 1175 4396 qnatesnrnrqne
1197 4314 1300 4378 nolae-

123 4425 228 4514 ·nant
253 4421 291 4498 in
315 4421 382 4486 arsi
408 4421 529 4506 etitem,
561 4421 689 4506 quando
716 4421 796 4485 haec
819 4424 950 4488 constat
976 4419 1101 4504 syllaba
1129 4425 1220 4484 acnta
1249 4421 1299 4485 vel

206 4534 290 4576 Summ.
306 4537 370 4578 matr.
384 4535 445 4585 Lat,
460 4547 502 4576 scr.
518 4535 544 4576 L.
558 4536 686 4576 Murram.
863 4581 869 4594 .
1071 4531 1087 4576 ὃ
