3260 5292
634 471 753 528 CAPUT
772 474 818 528 Ill.

440 633 1004 714 .w.lw.uu-lw,¹uu'.o

343 761 469 826 Aeneas
494 763 500 837 Ι
525 760 737 826 Anchisiades
763 763 825 856 let
847 761 931 825 fidus
955 760 1107 828 Achates.

241 885 275 958 Si
308 886 494 950 hexameter
520 883 662 950 Graecus
695 884 744 950 vel
774 883 910 950 Latinus
942 889 1030 950 caret
1060 909 1192 953 caesura
1220 889 1299 972 legi-

136 993 241 1078 tima,
266 993 403 1058 vitiosus
427 996 486 1075 est,
509 995 546 1057 ut
568 992 638 1056 ille:

271 1117 391 1203 sparsis
414 1115 518 1181 hastis
541 1115 648 1201 longis
672 1137 805 1200 campus
829 1105 976 1200 splendet
1000 1119 1032 1180 et
1054 1117 1173 1182 horret.

238 1241 452 1308 Nobilissima
471 1263 509 1304 ex
524 1239 673 1305 omnibns
693 1241 834 1306 caesuris
849 1244 899 1305 est
917 1241 1199 1326 penthemimeres,
1218 1267 1299 1328 quae

137 1349 278 1434 quidem
301 1351 385 1431 optut
402 1347 561 1412 Romame
579 1346 677 1432 longe
697 1347 794 1412 etiam
813 1347 1013 1432 frequentior
1033 1351 1082 1412 est
1101 1370 1196 1434 quam
1215 1351 1302 1432 apeed

137 1456 291 1522 Graecos.
338 1453 386 1519 Of.
410 1453 437 1518 d.
462 1476 486 1517 r.
512 1475 553 1517 m.
578 1453 649 1517 197.
694 1452 879 1518 Proximum
906 1455 992 1537 opred
1018 1455 1087 1519 illos
1118 1455 1299 1542 frequentia

137 1563 275 1648 optinet
311 1563 418 1654 locum
456 1543 759 1643 hephthemimeres.
818 1560 861 1625 In
894 1559 1022 1626 Graecis
1056 1561 1199 1628 ‘omnbus
1239 1584 1297 1645 pro

54 1659 60 1670 ’
135 1665 418 1754 hephthemimeri
441 1665 544 1750 magis
572 1668 746 1749 usurpatur
772 1655 856 1750 τομὴ
880 1661 963 1731 κατὰ
986 1669 1100 1752 τρίτον
1127 1678 1297 1752 τροχαῖον,

137 1797 247 1860 quarn
271 1773 398 1858 quidem
427 1771 572 1838 Romani·
592 1775 751 1856 putarunt
781 1795 895 1857 parum
924 1773 1049 1840 virilem
1077 1777 1110 1838 et
1137 1795 1298 1839 sonoram.

137 1881 233 1946 Hinc
257 1883 392 1966 apparet
408 1881 448 1944 io
472 1899 561 1944 vasu
583 1879 699 1944 Latino
721 1879 796 1944 tali:

270 2005 438 2070 infandum
462 2004 576 2089 regina
598 2004 689 2069 iubes
711 2025 868 2070 renovare
893 2004 1036 2069 dolorem

138 2129 353 2196 statuendam
377 2151 447 2194 esse
471 2127 772 2212 hephthemimerin,
797 2132 910 2194 contra
932 2130 968 2194 ia
991 2127 1127 2195 Graeco:

271 2249 315 2338 μή
341 2270 388 2336 σε,
411 2251 528 2336 γέρον,
551 2255 703 2338 κοίλῃσιν
727 2247 790 2335 ἐγώ
815 2249 904 2338 παρὰ
929 2250 1029 2336 νηυσὶ
1053 2255 1164 2338 κιχείω

139 2378 278 2444 tertiam
303 2378 511 2443 trochaicam.
557 2375 604 2442 Of.
624 2373 652 2440 d.
672 2399 696 2440 r.
715 2399 756 2452 m.
778 2377 961 2442 183-190.

236 2483 507 2569 Semiseptenaria
530 2463 641 2548 etiam·
658 2482 784 2566 optinet
810 2483 1010 2568 plerumque,
1045 2484 1072 2548 si
1101 2486 1176 2567 post
1203 2484 1296 2568 quin·

138 2597 217 2658 tum
250 2591 446 2675 semipedem
478 2579 612 2655 verbum
644 2589 788 2674 finiatur,
822 2589 878 2655 sed
909 2591 985 2673 post
1017 2590 1189 2674 septimum
1223 2611 1296 2656 cnm

141 2700 245 2765 verbo
269 2699 515 2780 etiamsensus:

293 2805 488 2890 inferretque
510 2806 580 2872 deos
598 2803 701 2888 Latin,
729 2807 733 2882 Ι
760 2823 862 2888 genus
886 2803 971 2868 unde
993 2801 1154 2868 Latinum.

140 2931 289 2998 (laesura
312 2930 468 3014 bucolice,
491 2950 572 3013 quae
597 2929 634 2992 fit
656 2931 732 3012 post
755 2927 921 3011 dactylum
940 2930 1100 3012 quartum,
1124 2927 1209 3011 apud
1232 2928 1295 2993 Ro·

141 3060 260 3103 manos
283 3059 350 3102 non
372 3036 550 3100 adhibetur.
596 3033 646 3099 Ne
673 3034 805 3098 finiatur
826 3056 937 3098 versus
964 3037 1040 3116 post
1068 3035 1174 3118 quarti
1204 3035 1294 3118 pedis

140 3144 345 3226 trochaeum,
367 3143 400 3206 id
424 3142 510 3227 quod
534 3141 666 3216 Graecis
689 3140 782 3205 valde
806 3139 980 3223 displicuit,
1004 3140 1038 3203 in
1058 3139 1175 3204 Latino
1199 3163 1294 3206 versu

140 3250 228 3315 nihil
252 3250 375 3332 obstat,
406 3271 601 3335 quamquam
629 3248 662 3312 id
686 3248 829 3312 vitarunt
852 3244 999 3310 Catullus
1027 3246 1062 3310 in
1085 3246 1294 3330 epithalamio

141 3356 234 3422 Pelei
258 3360 290 3421 et
313 3355 466 3420 Thetidos
491 3358 524 3419 et
545 3354 742 3440 Lygdamus.

233 3463 401 3527 Praeterea
430 3462 571 3546 optimus
600 3461 734 3546 quisque
768 3463 880 3540 auctor
909 3458 1052 3524 abstinet
1080 3462 1137 3524 aut
1163 3460 1306 3526 omnino·

143 3574 203 3636 aut
225 3569 399 3655 plurimum
424 3592 444 3632 a
468 3567 631 3633 trochaico
652 3567 749 3632 verbo
773 3567 806 3630 in
830 3566 910 3649 pede
936 3565 1075 3632 secundo
1099 3566 1151 3630 vel
1170 3571 1294 3650 quarte,

143 3677 172 3740 si
198 3675 346 3741 intortio
372 3675 414 3738 sit
437 3675 629 3740 collocatum
652 3673 860 3738 trochaicum.
896 3671 1009 3756 Itaque
1032 3693 1145 3756 parum
1164 3673 1294 3756 placent

143 3786 249 3846 metra
266 3782 359 3847 haec':

160 3957 164 3964 .
287 3906 543 3990 supplicibusque
565 3906 709 3969 vocando
732 3903 831 3967 sacris
855 3903 959 3967 tutela
983 3901 1125 3966 deorum.

286 4015 320 4076 et
342 4012 392 4076 bis
411 4011 465 4096 „io
490 4011 669 4076 Arethuso“
693 4012 822 4095 vocarat,
845 4010 877 4074 io
901 4007 1072 4074 Arethusa.

143 4136 192 4203 Cf.
212 4137 241 4202 d.
260 4159 285 4201 r.
304 4159 346 4201 m.
366 4137 440 4201 218.

233 4243 475 4328 Itaque.longe
503 4242 798 4327 inelegantissimus
827 4244 877 4305 est
904 4261 1014 4304 versus
1047 4240 1123 4304 talis
1152 4239 1291 4324 Horatii,

146 4351 203 4435 qui
227 4350 305 4416 adeo
329 4349 429 4414 habet
450 4343 556 4454 rophe
575 4343 658 4414 κατὰ
682 4351 795 4434 τρίτον
818 4357 989 4433 τροχαῖονε

273 4474 406 4560 dignum
428 4478 526 4540 moute
548 4475 692 4556 domoque
715 4473 839 4558 horatia
860 4471 984 4538 tonate
1005 4467 1155 4536 Neronis.
