3260 5292
650 447 834 506 enrurrv.
1274 453 1316 518 63

261 613 432 680 Praeterea
455 613 486 678 h.
510 614 530 678 l.
555 617 629 698 apte
654 613 806 679 addemus
830 613 1090 700 frequentissime
1115 616 1217 680 solere
1241 615 1316 680 elidi

161 723 279 804 partes
303 720 460 786 orationis
488 741 557 805 eas,
586 742 666 804 quae
690 721 877 806 quotidiano
906 744 965 786 usu
993 723 1131 786 multum
1158 743 1316 806 usurpan-

161 835 223 891 tur
241 831 275 891 et
293 827 386 912 quasi
405 826 604 910 deteruntur,
623 827 762 892 maxime
780 827 815 892 in
832 827 979 892 formulis
995 828 1187 912 quibusdam
1205 829 1316 893 verbo-

162 955 241 997 rum
264 936 301 997 ut
323 935 375 1000 ille
397 955 457 1016 epo,
480 939 556 1000 certe
578 954 638 1018 epo,
660 955 755 1015 qnene
777 955 840 1018 aye,
863 935 912 998 ein
934 955 997 1016 aye.

258 1041 310 1106 Ad
343 1040 569 1105 removendam
601 1041 710 1104 hiatus
737 1039 1007 1106 iniucunditatem
1034 1041 1177 1126 dactylici
1204 1040 1317 1106 Graeci

66 1221 71 1228 ,
165 1169 207 1212 ea
231 1147 299 1212 fere
318 1148 367 1212 usi
387 1152 462 1212 sunt
480 1170 603 1232 norma,
626 1151 662 1212 ut
681 1147 878 1231 corriperent
898 1147 1013 1213 finales
1031 1149 1145 1231 longas
1165 1147 1199 1210 in
1222 1147 1316 1230 thesi,

166 1257 336 1318 servarent
357 1255 485 1320 easdem
508 1255 542 1320 in
567 1255 641 1338 arsi,
664 1253 776 1318 finales
800 1253 913 1320 breves
935 1279 956 1318 α
979 1278 994 1319 e
1019 1278 1050 1339 o,
1074 1275 1316 1338 nonnumquam

164 1361 268 1426 etiam
301 1386 313 1424 ι
352 1365 447 1446 atque
485 1363 564 1427 adeo
602 1385 636 1436 on
674 1359 926 1446 diphthongum,
962 1360 996 1424 in
1032 1361 1117 1424 thesi
1140 1361 1317 1444 eliderent,

165 1489 282 1532 omnes
305 1468 472 1532 rarissime
496 1468 685 1532 adhiberent
709 1489 780 1531 oum
803 1467 909 1551 hiatu,
937 1471 1049 1531 eontra
1072 1467 1106 1531 in
1132 1468 1196 1532 arsi
1220 1467 1316 1531 etiam

165 1575 343 1660 aliquando
368 1574 563 1639 collocarent
586 1573 698 1640 breves
717 1595 788 1638 cum
807 1574 909 1638 hiatu.
934 1572 1114 1638 -Interdum
1133 1577 1243 1638 tamen
1266 1575 1317 1638 usi

167 1683 249 1746 sunt
271 1681 382 1745 eadem
406 1681 543 1765 synizesi
567 1683 662 1765 atque
686 1679 826 1745 Romani
849 1685 886 1746 ut
908 1681 942 1745 in
964 1681 1021 1746 illo

300 1802 481 1890 Μηριόνης
503 1801 532 1870 τ’
559 1800 742 1881 ἀτάλαντος
763 1799 924 1894 Ἐνυαλίῳ
948 1802 1185 1892 ἀνδρειφόντῃ.

166 1929 268 2013 Apud
291 1931 465 1995 Hennennn
492 1931 579 1996 haud
607 1951 723 2014 pauca,
751 1952 833 2014 quae
856 1930 1025 1995 videantur
1053 1953 1072 1994 a
1098 1931 1224 2016 legibus
1252 1932 1333 1996 illis'

167 2038 285 2121 aliena,
304 2059 390 2102 nunc
409 2037 554 2103 adhibito
569 2037 734 2122 digamma
749 2037 868 2102 aeolico
888 2041 965 2101 sunt
982 2040 1164 2122 persanata.
1199 2036 1318 2114 Quam-

168 2166 268 2228 quam
289 2143 485 2228 posteriores
505 2143 597 2228 epici,
617 2143 741 2227 decepti
760 2143 914 2227 exemplis
934 2143 1112 2208 carminum
1131 2141 1317 2208 Homerico-

166 2272 243 2314 rum
267 2250 427 2334 corruptis
452 2253 508 2315 aut
530 2250 615 2315 male
640 2250 815 2333 explicatis,
838 2249 1000 2315 interdum
1024 2272 1077 2314 eas
1100 2251 1272 2315 laeserunt.

259 2358 305 2421 At
321 2357 459 2422 Romani
478 2357 690 2422 crassioribus
703 2357 764 2420 usi
783 2357 932 2441 remediis
950 2359 1074 2422 omnino
1093 2379 1155 2422 non
1173 2379 1315 2422 nnmeru-

166 2470 245 2529 nnnt
262 2465 388 2547 finalem
411 2465 446 2527 in
464 2463 552 2528 hietn
568 2464 714 2546 positam:
757 2463 957 2548 Quamquam
971 2485 1053 2558 ³enin,
1076 2468 1229 2548 utsupra
1251 2465 1315 2529 iam

168 2571 306 2654 dictum,
333 2573 462 2655 praeter
489 2569 545 2634 illa
573 2591 630 2652 qne
655 2591 690 2635 ce
716 2591 754 2634 ne
783 2570 1024 2652 pronuntiando
1051 2591 1115 2634 non
1143 2577 1319 2636 exemerunt

166 2665 287 2756 totam,
316 2679 369 2742 sed
395 2677 609 2761 obscurarunt,
636 2676 721 2761 quod
750 2677 878 2761 quidem
905 2677 1012 2762 nobis,
1040 2699 1111 2741 oum
1139 2678 1173 2741 in
1196 2679 1317 2742 maiore

168 2787 264 2865 parte
284 2783 478 2867 populorum
497 2785 672 2849 recentium
695 2784 803 2847 hiatus
828 2783 871 2847 sit
888 2805 965 2847 cura
983 2783 1165 2868 perexigua,
1188 2784 1317 2848 difficile

167 2891 247 2954 licet
267 2889 399 2954 reddere
422 2912 512 2956 sono.
1144 2967 1147 2976 Ἰ

260 2996 408 3081 Apparet
429 2999 540 3061 tamen
556 3019 615 3079 per
637 2998 793 3062 eletionem
815 2997 914 3081 rerba,
937 2996 1065 3061 etiamsi
1088 2996 1190 3060 multo
1214 2997 1316 3060 artius

170 3105 364 3188 copulentur
392 3126 488 3188 quam
517 3103 587 3168 sine
611 3104 757 3188 elisione,
784 3108 980 3168 nontamen
1004 3123 1135 3186 prorsus
1157 3104 1318 3168 coalescere

169 3213 203 3275 in
229 3233 335 3275 unum.
380 3209 466 3275 Nam
495 3211 522 3274 si
545 3210 606 3274 hoc
629 3211 730 3294 fieret,
752 3231 816 3274 non
831 3215 937 3291 posset
957 3210 1042 3274 elisio
1065 3211 1189 3274 admitti
1211 3211 1317 3274 stetini

165 3323 239 3400 post
266 3319 360 3400 finem
387 3319 506 3382 ordinis
532 3293 663 3400 rnetriei,
691 3317 780 3382 velut
802 3317 884 3400 eius,
916 3317 971 3402 qui
998 3318 1036 3382 fit
1062 3338 1120 3401 per
1142 3337 1317 3401 caesuram,

171 3425 258 3509 quod
281 3428 391 3489 tamen
415 3445 509 3508 saepe
532 3424 648 3502 evenit,
670 3426 707 3487 ut
729 3423 764 3487 in
786 3423 856 3488 illo:

280 3554 314 3613 et
334 3531 404 3614 nati
427 3545 586 3635 natorlrnn
609 3551 642 3612 et
664 3547 719 3631 qui
741 3552 915 3612 nascentur
938 3548 979 3612 ab
1002 3547 1077 3613 illis.

279 3657 382 3721 multa
405 3675 537 3741 gemens
560 3655 711 3740 largoque
733 3653 901 3719 humectat
922 3654 1053 3718 flumine
1076 3656 1207 3720 voltum.

261 3782 309 3846 Ae
342 3787 441 3868 ζιντντττ
471 3785 600 3863 apparet
624 3779 704 3844 bane
735 3780 840 3844 minna
872 3780 1035 3862 elepantern
1062 3800 1123 3844 esse
1154 3779 1317 3858 elisionem,

170 3891 210 3952 ut
232 3889 329 3952 etiam
351 3889 449 3966 illam,
472 3909 554 3971 quae
576 3887 614 3950 fit
636 3888 808 3968 insequente
829 3887 1086 3969 interpnnctione:

280 4017 337 4078 ant
358 4014 481 4078 famam
504 4019 644 4096 sequere,
668 4014 725 4075 aut
748 4011 810 4092 sibi
833 4011 1058 4076 convenientia
1079 4011 1175 4096 finge.
1276 4076 1279 4083 ,

280 4121 551 4205 omnigenumque
575 4118 669 4183 deum
693 4123 845 4202 monstra,
867 4120 900 4182 et
922 4118 1057 4182 latrator
1080 4116 1215 4202 Anubis,

169 4247 222 4312 vel
247 4267 329 4330 quae
352 4245 525 4309 adhibetur
547 4245 581 4309 in
604 4244 701 4310 uerbis
723 4244 840 4308 maiore
860 4243 893 4306 oi
910 4262 1017 4307 sarnus
1038 4243 1212 4325 insipnitis:

280 4375 340 4437 me,
362 4374 418 4436 me,
441 4352 555 4417 adsum
578 4351 633 4436 qui
655 4350 725 4415 feci.
748 4350 783 4415 in
806 4371 857 4413 me
881 4349 1057 4414 convertite
1080 4349 1209 4414 ferrum.

281 4465 388 4544 perte
411 4480 470 4545 ego
495 4459 643 4543 decipior,
666 4479 724 4541 per
746 4463 778 4521 te
802 4457 978 4541 deprensus
1002 4457 1144 4522 inermis·
1265 4500 1269 4504 -
