3260 5292
631 447 751 502 CAPUT
768 447 790 502 1.
864 475 868 478 ·

251 629 288 674 ac
310 629 351 674 ne
374 630 426 673 me
448 607 537 674 foliis
561 610 633 674 ideo
658 609 857 676 brevioribus
882 629 990 692 ornes,

251 714 334 798 quod
358 716 452 780 timui
476 719 602 782 mutare
626 717 739 782 modos
764 720 796 780 et
819 715 970 782 carminis
994 718 1106 780 artem.

129 817 263 884 Deinde
285 823 328 886 ad
350 823 447 904 lurica
469 825 612 888 cormiua
634 824 793 888 scribcudu
816 845 889 888 cum
913 823 1066 887 animum·
1082 822 1286 906 applicasset,

130 925 289 992 Alcaeum
311 933 340 992 ct
361 929 499 1014 Sappho,
522 930 665 996 Aeolicus
684 933 783 1013 pontis
800 935 907 1012 poetas
930 929 1125 1010 observavit,
1148 930 1195 994 ita
1217 931 1286 1014 qui-

130 1031 211 1096 dem
235 1037 270 1098 ut
287 1036 494 1118 potissimum
513 1036 553 1101 ad
571 1038 680 1103 Alcaei
699 1060 732 1102 se
751 1037 907 1102 formaret
926 1036 1117 1120 exemplum.
1153 1035 1203 1102 De
1222 1059 1286 1121 qua

58 1167 62 1177 ·
131 1161 170 1202 re
196 1138 264 1223 ipse
288 1144 415 1228 saepius
439 1147 607 1209 memorat.

227 1249 333 1314 Metro
351 1251 457 1316 omnio
474 1256 581 1316 uiuum
599 1252 638 1316 ab
659 1251 709 1316 iis
730 1253 935 1336 adsumpserit
956 1272 1056 1334 uocuc,
1078 1271 1141 1316 uou
1154 1256 1286 1336 coustat3

132 1375 198 1418 nec
221 1356 375 1421 abhorret
398 1380 418 1422 a
445 1358 677 1441 probabilitate
701 1359 858 1444 quaedam
883 1359 1017 1423 odarum
1044 1359 1114 1422 eius
1137 1379 1286 1422 versuum

133 1481 257 1544 genera
284 1484 321 1528 ea
348 1463 464 1528 laurum
493 1467 581 1547 pomi
608 1466 705 1548 lyrica
733 1465 773 1528 ab
803 1488 840 1531 eo
875 1464 1006 1530 adscita.
1060 1463 1173 1550 Neque
1206 1466 1285 1530 satis

134 1573 274 1652 apparet
290 1571 396 1656 legem
411 1571 501 1636 illam
517 1573 700 1657 quaomnia
719 1573 816 1653 lurica
829 1573 895 1636 eius
908 1573 1049 1636 cormiuo
1067 1577 1286 1654 quatcruouum

132 1695 280 1741 versuum
309 1679 502 1744 coutiucutm·
532 1679 664 1761 strophis
696 1677 829 1762 (etenim
857 1676 918 1762 lV,
946 1679 966 1744 8
1002 1682 1189 1762 corruptum
1221 1677 1285 1765 est)

133 1785 246 1846 utrum
274 1785 344 1868 ipse
372 1786 496 1870 primus
520 1789 700 1869 novaverit,
728 1808 770 1850 an
794 1789 827 1850 et
856 1785 940 1850 hano
962 1785 1116 1868 praeierit
1137 1785 1286 1851 Alcaeus.

134 1887 288 1956 Ceterum
315 1893 486 1976 spuaploiac
513 1894 588 1974 lopas
615 1893 649 1956 in
679 1892 811 1957 Horatii
839 1892 959 1976 pariter
987 1895 1084 1976 atque
1113 1892 1147 1956 in
1172 1891 1284 1956 Alcaei

133 2001 170 2062 et
185 1995 336 2084 Sapphus
356 2001 553 2066 carminibus
573 2000 669 2065 modo
693 2000 919 2082 observantur,
941 1999 1036 2064 modo
1060 1992 1286 2083 negleguntur.

227 2104 398 2172 Praeterea
433 2106 611 2172 notandum
643 2106 831 2192 Horatium,
867 2127 1041 2172 memorem
1073 2105 1191 2170 indolis
1223 2105 1286 2170 Ro-

132 2233 266 2295 manae,
291 2214 366 2296 lcpas
388 2215 531 2280 uictrices
554 2233 709 2297 ausuum,
736 2234 811 2297 quos
834 2214 974 2278 traducit
995 2214 1030 2277 iu
1052 2211 1194 2296 Latium,
1217 2234 1285 2277 onr-

131 2319 227 2384 nium
251 2321 294 2386 aa
315 2323 491 2388 scammum
513 2341 657 2386 uorruam
678 2329 839 2388 revocasse.
883 2321 1074 2388 Dormsium
1095 2325 1124 2384 et
1150 2321 1286 2386 cbouicaa

125 2428 235 2509 poesis
252 2429 296 2492 ad
312 2429 516 2494 imitatioucm
534 2430 589 2511 qui
606 2430 782 2496 concesserit
803 2449 867 2494 uon
884 2429 1006 2494 inuenio
1021 2431 1148 2510 practer
1167 2428 1286 2492 Titium

132 2533 242 2618 illum,
272 2556 367 2620 quem
393 2517 557 2602 Pindarici
584 2535 684 2600 fontir
712 2535 847 2601 haustus
875 2557 941 2601 non
965 2534 1157 2619 expalluisse
1184 2534 1285 2599 tradit

132 2639 289 2706 Horatius
313 2663 361 2726 ep.
384 2641 414 2726 I,
442 2644 476 2726 3,
505 2644 540 2728 9,
564 2648 592 2708 at
613 2643 748 2724 Rufum,
773 2665 868 2729 quem
891 2643 1079 2708 Pindaricae
1102 2641 1192 2726 lyrae
1215 2642 1284 2706 fidi-

133 2747 244 2812 cinem
268 2752 361 2814 vocat
384 2748 515 2816 Ovidius
540 2771 588 2834 ep.
611 2771 650 2814 ex
672 2748 706 2814 P.
729 2749 792 2834 IV,
818 2751 873 2833 16,
896 2751 948 2816 28.

227 2855 366 2920 &mmm
392 2857 515 2921 etmumi
540 2856 676 2921 Horatio
698 2877 817 2939 parum
838 2857 995 2939 placuisse
1021 2860 1150 2940 apparat
1175 2860 1204 2920 ct
1225 2853 1284 2920 Oa-

134 2962 250 3028 tullum
273 2967 302 3028 et
321 2962 461 3043 Calvum,
480 2983 544 3030 uou
563 2969 665 3028 tamea
682 2964 803 3044 defuere
820 2963 957 3046 Aipusti
974 2968 1084 3046 aetate,
1101 2963 1156 3044 qui
1173 2963 1284 3027 torum
1311 2947 1314 2952 ¹

133 3075 333 3150 sequeremur
348 3072 469 3154 parcito
486 3071 614 3136 metrica
632 3071 756 3136 cuclusa
779 3076 882 3136 tamea
899 3071 1111 3155 πολυμετρίᾳ.
1149 3067 1284 3132 Tastan·

129 3180 193 3239 -tur
215 3197 283 3240 rem
305 3177 496 3243 Maecenatis
519 3178 698 3242 carminum
721 3178 874 3262 reliquiae
898 3180 931 3240 et
964 3175 1105 3260 Vorailii,
1132 3197 1214 3259 quae
1237 3175 1284 3239 di-

135 3285 256 3346 cuntur
278 3305 359 3366 esse,
381 3285 538 3350 catalecta
557 3287 589 3348 et
610 3285 750 3368 plurium
773 3287 941 3349 auctorum
959 3282 1104 3363 Priapca.
1141 3281 1180 3346 In
1198 3285 1285 3346 cata·
1363 3266 1370 3280 ⁸

133 3389 231 3454 lectis
266 3394 376 3456 tamen
407 3414 507 3456 unum
539 3391 625 3456 inest
656 3413 785 3457 carmen
818 3391 985 3476 apodicum
1018 3389 1082 3474 [5],
1120 3389 1205 3474 quod
1242 3388 1283 3453 ad

134 3495 268 3562 Horatii
290 3498 504 3566 imitationem
528 3500 682 3584 scripturn
707 3521 776 3564 esse
799 3502 942 3583 apparet.
1159 3545 1164 3553 1

226 3605 345 3670 Eodem
368 3612 498 3690 terimam
521 3609 692 3690 bapocdiac
714 3608 849 3672 Latim
870 3625 924 3670 ars
945 3604 1072 3669 metrica
1089 3621 1220 3685 prorsus
1241 3607 1285 3667 ost

134 3713 312 3778 immutata.
358 3712 489 3785 Etenim
518 3735 590 3778 oum
615 3713 827 3797 antiquiores,
849 3716 886 3777 ut
910 3735 1008 3796 supra
1030 3710 1218 3793 memoravi,
1248 3709 1283 3774 in

134 3819 255 3883 iambis
277 3823 310 3883 ct
331 3820 493 3886 trochaeis
516 3820 697 3904 promiscue
720 3817 945 3882 adhibuissent
972 3818 1132 3900 spondeos
1155 3818 1285 3900 praeter

135 3925 282 3990 iambum
305 3927 470 4011 ultimum,
492 3927 609 4012 tragici
628 3926 777 4012 Augusto
800 3926 962 4010 aequales,
985 3925 1131 4009 Asinius,
1160 3925 1283 4002 Varius,

136 4029 311 4118 Graculus,
336 4032 477 4113 Ouidius,
500 4036 538 4096 ut
561 4034 707 4118 ipsorum
730 4033 909 4098 carminum
927 4032 1070 4117 reliquiis
1093 4035 1125 4096 et
1143 4017 1283 4096 Senecae

134 4139 294 4223 probatur
316 4140 448 4224 fabulis,
472 4140 574 4205 secuti
598 4138 738 4206 Graecos
761 4141 925 4206 uolucrum
948 4141 1078 4222 spoudco
1101 4158 1162 4204 csso
1185 4139 1284 4204 lomim

134 4247 172 4312 iu
199 4247 329 4329 pedum
355 4249 486 4331 parimas
517 4248 691 4314 iamborum
721 4254 750 4314 ct
780 4248 951 4330 imparibus
979 4247 1194 4311 troctacorum.
1239 4245 1285 4310 nt

133 4353 255 4438 clioros,
283 4355 400 4438 quibus
425 4358 573 4421 caruerat
595 4356 761 4439 antiquior
783 4355 1005 4420 Romanorum
1032 4352 1217 4438 tragoedia,
1243 4353 1283 4417 ad

133 4460 268 4540 modum
286 4459 454 4544 Euripidis
474 4461 697 4545 adhibuerunt,
716 4465 753 4524 ut
774 4463 883 4525 temen
905 4460 1049 4526 dimetria
1069 4460 1284 4548 anapaesticis
