3260 5292
542 473 547 490 r
583 499 587 506 .
609 454 728 511 CAPUT
748 457 767 510 1.
1224 457 1261 520 ll

73 621 149 682 ‚eet
171 616 375 706 Aeotensiuru
397 619 569 702 coemptum
591 639 628 684 aa
646 617 798 703 Sapphus.
836 618 958 687 Contra
980 622 1105 704 modico
1123 621 1264 686 earmina

99 726 165 790 illa
194 727 301 790 aetate
323 724 467 790 nondum
493 726 643 792 videntur
665 728 861 812 provenisse.
897 741 899 746 '
1204 757 1208 768 ·

205 833 378 898 Praeterea
401 831 535 917 dignum
559 833 715 900 memorie
737 837 806 900 tum
830 835 970 919 primum
993 835 1079 901 iuter
1098 835 1262 902 Romanos

102 941 151 1006 M.
173 939 360 1006 Varronem
382 945 518 1006 saudim
542 941 687 1024 Marrppi
701 940 880 1024 philosophi
902 943 1073 1027 aucupium
1097 943 1263 1028 scripsisse

103 1051 251 1133 saturas,
269 1069 351 1133 quae
364 1049 486 1130 partim
498 1068 597 1130 prosa
616 1049 810 1132 constarent
824 1049 946 1131 partim
964 1049 1108 1134 uersibus,
1130 1049 1177 1114 ite
1195 1050 1263 1134 qui-

104 1155 187 1220 dem
213 1157 376 1220 etaltera
398 1177 474 1241 pers
498 1156 539 1220 ab
562 1156 666 1221 altere
688 1156 812 1222 maiore
836 1178 962 1242 semper
985 1177 1099 1222 sensus
1122 1156 1264 1221 intersti-

103 1263 166 1347 tio,
194 1263 280 1348 quod
298 1267 420 1348 puncto
439 1263 610 1346 indicetur,
633 1263 836 1348 divideretur,
859 1265 992 1348 excepto
1012 1263 1140 1348 quando
1160 1264 1263 1328 oratio

104 1370 240 1436 directe
262 1392 334 1436 cum
358 1372 457 1437 verbo
480 1371 668 1456 iungeretur
692 1370 818 1436 dicendi
841 1374 892 1436 ut:

602 1514 731 1600 iurgare
754 1513 863 1598 eoepit
885 1513 1006 1583 dicens:

167 1611 257 1706 quae⁸
277 1620 355 1708 scis,
378 1642 438 1708 age
462 1621 535 1706 quei
558 1620 593 1686 in
616 1620 747 1708 vulgum
771 1621 885 1706 vulgas
910 1623 1076 1706 artemque
1101 1622 1264 1707 expromis

583 1727 588 1736 '
891 1727 1051 1793 inertem?

112 1870 227 1937 Secuti
256 1872 325 1936 eius
352 1871 496 1936 rationes
521 1875 554 1936 et
581 1869 764 1954 exemplum
791 1868 905 1938 Seneca
931 1869 965 1934 in
994 1871 1264 1956 apocolocyntosi‚

110 1979 296 2064 Petronius,
319 1978 518 2062 Martianus,
541 1977 678 2042 Boetius.

207 2083 562 2151 Ceterum·0icerouiaui
580 2085 724 2167 temporis
735 2090 844 2167 poetae
856 2089 902 2149 -ut
926 2085 1071 2149 varietati
1098 2090 1265 2152 metrorum

107 2193 265 2276 potiorque,
292 2194 340 2258 ita
366 2211 469 2258 omues
495 2193 637 2257 striduere
658 2192 730 2256 arti.
782 2191 894 2257 Veluti
917 2190 1058 2256 Lucretii
1086 2192 1266 2258 hexametri

114 2300 333 2365 severissimis
357 2302 433 2364 sunt
460 2298 587 2383 legibus
608 2298 770 2390 adstricti,
798 2298 904 2364 minus
927 2302 1037 2363 tamen
1064 2298 1195 2363 iucundi
1224 2300 1265 2364 ob

113 2405 149 2470 id
175 2407 293 2490 ipsum,
317 2406 394 2492 quia
411 2409 478 2470 tem
497 2427 571 2470 raro
589 2405 767 2470 remittitur
790 2427 922 2471 normae
943 2406 1106 2472 severitas.
1142 2404 1265 2472 Maiore

115 2513 280 2578 suavitate
307 2534 522 2595 numerorum,
551 2512 692 2596 exeeptis
721 2512 881 2596 distichis,
912 2512 1022 2577 Laevii
1051 2517 1127 2606 sunt
1153 2535 1265 2580 versus

116 2623 150 2683 et
181 2616 303 2684 Catulli
330 2622 363 2683 et
396 2618 571 2697 sociorum,
604 2623 640 2683 ut
671 2621 782 2684 tamen
810 2619 877 2685 sint
904 2620 1072 2686 inferiores
1100 2620 1266 2706 eliquanto

115 2725 259 2810 proximi
282 2726 401 2791 saeculi
420 2725 628 2791 carminibus.
666 2715 815 2792 Ceterum
839 2748 951 2792 omnes
971 2727 1133 2813 elegantia
1156 2750 1265 2792 nume-

116 2855 229 2898 rorum
255 2832 383 2898 ridetur
411 2833 525 2898 vicisse
555 2833 655 2898 Varro
678 2832 846 2912 Atacinus,
870 2836 907 2896 ut
929 2833 1046 2918 dignus
1069 2832 1182 2918 fuerit,
1212 2833 1266 2917 qui

115 2943 267 3026 ternpore
289 2941 413 3005 videret
441 2940 577 3022 Verpitii.

209 3047 258 3112 De
282 3046 446 3115 Ciceronis
470 3047 654 3131 aequalium
678 3046 793 3112 studiis
817 3046 960 3112 metricis
985 3046 1106 3112 dictum
1130 3048 1158 3113 d.
1182 3071 1206 3113 r.
1226 3071 1268 3114 m.

119 3155 261 3220 73-90.

653 3279 727 3360 su.

211 3402 271 3469 Sed
295 3405 359 3470 iem
383 3407 514 3470 transeo
538 3405 581 3469 ad
601 3403 738 3488 Arrpusti
760 3409 896 3470 aetatem.

211 3511 283 3581 Hac
305 3533 374 3576 euru
398 3511 552 3594 Verpitius
574 3517 602 3575 ot
621 3510 749 3576 Ovidius
771 3509 941 3582 hexametri
963 3512 1106 3594 dactylici
1128 3513 1203 3596 tepus
1226 3516 1269 3579 ad

121 3637 276 3680 ssrrraruarrr
299 3619 500 3683 adduxissent
523 3619 747 3700 perfectionem,
775 3618 868 3681 atiara
895 3617 1094 3683 distichorum
1120 3641 1174 3684 ars
1196 3626 1269 3702 post

121 3721 298 3787 Cornelium
317 3723 446 3788 Gattura
464 3724 627 3789 a'Tihutto
651 3729 680 3789 ot
701 3723 809 3790 Ouidio
832 3726 878 3808 ita
901 3729 945 3789 cst
961 3727 1089 3810 oreatta
1111 3727 1164 3791 oia
1180 3729 1266 3809 quid-

119 3851 214 3912 quam
240 3836 283 3895 ut
300 3831 452 3896 rirteretu
472 3853 562 3915 posse
588 3832 671 3897 addi.
720 3829 843 3896 Durior
865 3835 991 3913 utraqu
1013 3831 1206 3918 Propertius
1233 3835 1267 3900 iu

119 3937 282 4020 prioribus
305 3937 444 4003 maxime
467 3937 572 4003 tribus
595 3937 698 4023 libris,
719 3938 886 4024 magisque
911 3938 1024 4004 similis
1048 3937 1175 4004 Catulli.

211 4045 256 4110 At
283 4046 414 4110 Horatii
440 4050 621 4110 saturarum
648 4050 677 4110 et
702 4046 904 4128 apostatarum
933 4047 1008 4130 topos
1034 4047 1175 4112 acciacae
1203 4069 1267 4113 uou

120 4157 197 4218 siout
217 4153 379 4236 carpendae
406 4153 449 4217 ad
476 4152 605 4235 Verpitii
626 4157 655 4216 ct
678 4151 782 4218 Ouidii
806 4153 933 4236 piacita.
982 4151 1040 4217 llle
1065 4153 1150 4217 enim
1173 4157 1210 4218 ut
1233 4155 1267 4219 in
1333 4165 1339 4178 ‘

120 4258 212 4345 poesi
230 4259 344 4324 humili
364 4262 397 4323 et
416 4259 455 4323 ad
475 4259 560 4323 vitae
579 4281 655 4324 usus
674 4260 886 4352 'accomodata
909 4260 1092 4325 imitaretur
1110 4262 1267 4326 sermonis

121 4365 303 4452 quotidiani
327 4369 454 4452 gratam
479 4366 735 4452 neglegentiam,
758 4368 860 4431 multa
882 4390 996 4453 aspera
1019 4371 1052 4432 et
1073 4368 1267 4434 inconcinne

121 4473 183 4538 sibi
202 4474 351 4558 permisit
368 4474 402 4540 in
421 4475 568 4540 versibus
587 4475 775 4561 pangendis.
807 4474 931 4540 Tamen
949 4475 1128 4541 hexametri
1147 4474 1267 4560 epistu-
