3260 5292
329 424 372 489 28
418 455 422 462 ·
819 425 939 480 CAPUT
959 426 991 480 H.

328 591 504 659 oratoriam
524 589 784 692 concitationem,
803 611 884 674 qnae
898 590 1002 653 oritur
1017 611 1055 654 cx
1074 589 1165 673 gravi
1184 587 1353 652 affectione
1368 585 1482 670 animi,

327 695 432 778 qualis
460 698 518 760 aut
544 696 708 780 anaphora
735 699 792 761 aut
823 697 971 776 antithesi
997 698 1053 761 ant
1083 696 1158 760 aliis
1182 695 1291 778 finiris
1317 693 1482 758 rhetoricis

327 801 499 867 indicatur.

798 947 1009 958 v——nm

854 1109 950 1190 §.m

356 1235 359 1246 ’
418 1230 480 1296 Sed
495 1232 560 1296 iam
575 1232 614 1296 de
630 1233 747 1316 pedum
762 1233 942 1298 rationibus
955 1233 1121 1296 videamus
1137 1231 1481 1312 [d.r.m.137-140].

417 1338 523 1420 Iyiiar
539 1340 658 1424 panca,
680 1345 716 1404 a
736 1361 835 1423 scipta
857 1342 932 1422 dici,
955 1341 1004 1404 lca
1025 1345 1069 1404 cst
1090 1360 1200 1402 versus
1223 1336 1338 1402 Graeci
1360 1339 1395 1400 et
1416 1337 1477 1400 La-

326 1444 408 1526 tini,
431 1447 469 1506 ut
491 1444 609 1508 ultima
631 1445 759 1528 syllaba
788 1445 928 1510 cuiusvis
956 1445 1051 1508 metri
1078 1444 1182 1528 possit
1205 1465 1274 1508 esse
1297 1444 1479 1509 eommunis

328 1553 394 1634 aut,
417 1555 454 1613 ut
471 1573 557 1614 nunc
576 1551 703 1633 dicitur,
727 1574 853 1636 anceps,
875 1553 907 1616 b.
926 1573 954 1618 e.
976 1555 1013 1614 nt
1031 1555 1064 1614 et
1082 1551 1172 1614 brevi
1190 1551 1290 1636 longa
1308 1551 1340 1614 et
1357 1551 1477 1634 longae

279 1661 290 1672 ‘
327 1656 436 1720 brevis
460 1651 565 1740 possit
587 1658 751 1742 substitui,
773 1679 855 1722 neve
877 1659 986 1722 hiatus
1009 1658 1143 1740 oriatur,
1166 1657 1195 1720 si
1216 1657 1381 1740 proximus
1404 1679 1477 1721 ver-

308 1776 384 1828 'sns
414 1763 550 1847 incipiat
577 1786 596 1827 a
623 1765 728 1828 vocali
756 1767 806 1830 vel
834 1765 868 1842 b,
895 1769 1029 1850 excepto
1060 1763 1188 1849 quando
1211 1785 1321 1828 versus
1349 1766 1478 1847 partem

326 1870 407 1934 facit
433 1871 636 1953 systematis,
664 1873 750 1955 quc'd
782 1873 960 1957 synaphiae
987 1873 1060 1957 lege
1088 1873 1244 1935 teneatur.
1293 1871 1479 1936 Notandum

328 1983 432 2041 tonica
454 1981 573 2059 ueteres,
595 1998 654 2059 aaa
671 1981 778 2042 sonori
799 1981 899 2061 mapis
915 2000 953 2068 ac
973 1979 1060 2060 firmi
1080 1979 1188 2058 fierent
1208 1997 1349 2044 vomam
1367 1979 1479 2056 caitus,

322 2085 431 2166 potius
451 2085 558 2148 solitos
580 2084 725 2149 colticare
751 2087 787 2149 in
809 2087 922 2150 iiltima
944 2090 1035 2168 parte
1056 2085 1192 2166 apiatas
1219 2085 1324 2167 tenpus
1346 2089 1402 2148 aot
1423 2105 1480 2150 eas

327 2191 459 2272 quaein
481 2210 647 2255 commum
669 2192 794 2256 euirati.
839 2191 951 2258 Etiam
975 2193 1009 2256 ia
1030 2192 1139 2256 maliis
1160 2191 1294 2256 veredos
1316 2195 1479 2272 55555νί5-

328 2298 369 2361 tis
399 2285 556 2361 Romani·
574 2297 752 2362 admittunt
784 2299 945 2382 syllabam
977 2297 1152 2385 ancipitem
1189 2297 1240 2361 vel
1272 2296 1410 2380 hiatum,
1448 2299 1479 2362 si
1559 2301 1563 2307 ’

328 2402 418 2486 prior
440 2424 515 2486 pars
538 2403 572 2466 in
595 2404 683 2466 arsin
705 2409 807 2468 exeat.

417 2507 597 2590 Synapbiaa
615 2510 677 2592 leae
694 2513 830 2593 vetatur,
848 2531 889 2574 ne
908 2510 943 2573 in
960 2509 1079 2573 finibus
1098 2531 1258 2593 versuum,
1277 2512 1331 2597 qui
1347 2513 1478 2594 partem

328 2613 473 2676 efficiunt
495 2616 691 2698 systematis,
707 2621 834 2698 praeter
851 2617 1006 2699 altimum,
1028 2616 1133 2698 possit
1151 2637 1221 2680 esse
1245 2618 1370 2700 syllaba
1387 2641 1478 2683 eom·

328 2719 436 2784 munis
460 2723 517 2784 aut
539 2721 660 2806 hiatus,
688 2727 801 2787 eontra
823 2722 1035 2807 permittitur,
1062 2725 1100 2786 ut
1126 2745 1226 2786 unum
1253 2725 1385 2788 verbum
1412 2747 1476 2808 per

328 2827 391 2892 dno
411 2849 520 2892 versus
539 2828 753 2910 protendatur
771 2834 827 2894 aut
848 2833 886 2893 ut
908 2830 944 2893 in
966 2831 1031 2892 fine
1053 2829 1171 2912 prioris
1194 2830 1253 2894 fiat
1271 2831 1369 2896 elisio.
1410 2830 1477 2896 Sea

264 2935 268 2942 ’
328 2957 365 2999 55
388 2935 448 3018 layo
464 2956 597 3016 perraro
624 2937 764 3001 adstricti
791 2937 1012 3020 ‹dactylicaam
1034 2937 1221 3000 Latiaemm
1243 2939 1372 3001 namuci.
1416 2935 1471 3000 In-

329 3043 458 3106 venitur
475 3042 510 3104 in
524 3040 645 3106 Catulli
664 3045 853 3127 systematis
872 3043 1040 3128 glyconeis
1059 3045 1092 3106 et
1110 3043 1273 3127 sapphico,
1291 3025 1480 3108 in'Horatii

329 3148 443 3212 ionicis
466 3171 486 3212 a
508 3147 636 3231 minori,
659 3151 715 3214 sed
738 3172 805 3214 non
827 3149 863 3214 in
882 3149 1068 3232 anapaestis
1088 3148 1236 3215 Senecae.
1278 3150 1319 3214 Iu
1341 3149 1475 3233 reliquis

329 3255 460 3318 Horatii
482 3255 679 3320 carminibus
706 3258 813 3340 lyricis
836 3255 1008 3320 adhibetur
1030 3245 1203 3339 inteidnm,
1227 3257 1283 3321 sed
1305 3281 1393 3341 raro,
1416 3261 1477 3320 aut

328 3360 462 3424 elisione
485 3362 628 3426 admissa
650 3368 707 3426 aut
730 3364 827 3428 verbo
851 3364 885 3426 15
907 3363 987 3426 duas
1010 3361 1114 3426 diviso
1138 3367 1246 3445 partes
1271 3363 1332 3446 [ll,
1354 3364 1391 3445 2,
1416 3363 1475 3439 18,

329 3467 361 3549 3,
374 3468 432 3551 27,
454 3469 504 3550 16,
522 3469 580 3552 34,
599 3468 658 3552 ΙΙΙ,
672 3469 724 3551 29,
743 3470 799 3552 35,
819 3469 876 3552 IV,
894 3472 921 3553 1,
940 3470 1000 3554 35,
1020 3470 1050 3552 2,
1069 3470 1125 3554 22,
1147 3469 1203 3552 23,
1226 3471 1413 3534 caecati.
1430 3507 1477 3516 -

329 3573 354 3656 Ι,
369 3574 398 3655 2,
415 3573 470 3659 19,
489 3570 515 3657 Ι,
529 3575 582 3658 25,
599 3577 652 3660 11,
666 3575 708 3660 Π,
725 3577 774 3660 16,
795 3578 828 3659 Ι,
848 3576 906 3659 ΙΙΙ,
926 3579 979 3660 27,
997 3576 1063 3657 59].
1100 3576 1171 3651 Qua
1189 3577 1224 3639 in
1238 3599 1272 3640 re
1286 3577 1475 3659 notandum,

331 3681 416 3763 quod
439 3681 474 3745 in
497 3683 559 3746 fine
583 3704 693 3746 versus
717 3705 844 3768 semper
866 3685 993 3749 locatur
1015 3684 1114 3767 longa
1137 3684 1277 3766 syllaba,
1299 3682 1396 3746 etiam
1417 3683 1473 3746 ubi

331 3791 534 3869 exspectatur
573 3789 688 3854 brevis.
725 3827 766 3837 -—
803 3791 885 3854 Post
921 3791 1093 3855 Horatium
1126 3790 1302 3873 synaphiae
1339 3789 1477 3873 vestigia

330 3897 458 3975 praeter
485 3891 619 3960 cantica¹
640 3898 796 3980 quaedam
824 3897 976 3961 liberiora
1002 3895 1143 3961 Senecae
1167 3895 1475 3980 [0511403-415,

330 3997 520 4085 472-502,
541 4003 729 4086 704-737,
748 4002 863 4088 Agam.
882 3995 1075 4086 589-636,
1095 4003 1284 4084 808-866]
1305 4006 1337 4066 51
1354 4025 1475 4086 paucos

331 4127 441 4170 versus
464 4107 649 4172 Terentiani
672 4113 706 4172 et
731 4113 846 4192 poetae
868 4110 988 4196 ignoti,
1016 4131 1112 4194 quem
1139 4109 1245 4193 affert,
1272 4109 1306 4172 in
1333 4109 1477 4174 carmine

331 4211 432 4277 latino
448 4235 522 4302 ,non
544 4213 609 4276 iam
631 4214 846 4280 inveniuntur.

420 4317 562 4382 Secunda
580 4320 628 4383 leo
645 4326 695 4403 est,
713 4343 753 4385 ne
772 4323 806 4385 in
826 4323 971 4387 versibus
986 4323 1151 4407 dactylicis
1170 4324 1276 4408 possit
1288 4322 1369 4386 solvi
1385 4322 1479 4387 arsis.

422 4424 535 4510 Teia,
558 4429 596 4490 ut
612 4448 671 4510 pro
690 4427 818 4512 dactylo
838 4430 991 4495 substitui
1009 4431 1114 4513 possit
1132 4430 1294 4514 spondeus
1311 4429 1346 4493 in
1365 4428 1480 4494 ordine
