3260 5292
546 545 548 550 i
618 471 803 528 curura.
868 427 906 550 ¹,
1087 510 1090 518 ,
1241 470 1282 534 73

226 633 447 722 Hiatuigitur
465 637 573 719 priore
591 637 641 701 usi
661 639 747 718 sunt,
766 635 821 701 sed
842 655 955 700 omnes
973 634 1146 717 rarissime,
1165 631 1286 717 Cicero,

139 740 288 807 Catullus
311 742 346 806 in
370 741 647 826 hendecasyllabis
671 741 726 823 [57
732 791 742 826 ,
761 742 793 822 7]
799 792 811 828 ,Α
831 728 986 806 Horatius
1008 741 1043 806 in
1061 741 1210 824 epistulis
1231 739 1287 821 [IL

137 849 171 931 3,
199 848 271 931 65],
299 847 487 933 Propertius
518 848 593 932 ssv,
624 849 679 931 ll,
709 849 778 931 17],
811 848 939 914 Ouidius
968 851 1042 928 [am.
1070 847 1116 931 ΙΙ,
1147 849 1200 930 13,
1229 849 1286 930 21,

64 946 68 952 ’
136 959 267 1020 metam.
290 953 321 1038 Ι,
352 955 427 1040 155,
452 955 516 1040 ΙΙΙ,
539 955 632 1039 501]
665 955 779 1038 altero,
801 976 868 1022 uon
893 954 999 1020 minus
1024 977 1111 1034 raro,
1134 953 1286 1038 Lucilius,

138 1059 286 1126 Catullus
320 1062 354 1126 in
386 1062 582 1140 hexametris
615 1064 647 1126 et
678 1061 956 1146 hendecasyllabis
993 1062 1063 1146 [97,
1094 1062 1126 1144 1,
1155 1059 1212 1144 55,
1241 1061 1286 1144 4],
1393 1087 1401 1102 ·

137 1168 295 1241 Horatius
323 1169 397 1250 [sat.
420 1168 450 1254 Ι,
473 1169 509 1252 9,
534 1170 606 1253 38]‚
634 1171 746 1234 auctor
775 1167 897 1254 elegiae
926 1168 966 1234 ad
994 1167 1181 1234 Messallam
1206 1168 1286 1249 [61],

139 1274 277 1358 denique
309 1277 446 1360 utroque
474 1275 642 1341 Lucretius
671 1279 703 1339 et
737 1275 903 1360 Vergilius,
934 1273 987 1339 hie
1020 1274 1147 1358 quidem
1177 1274 1286 1359 paullo

141 1381 269 1466 saepius
294 1403 390 1466 quam
415 1381 539 1466 reliqui.
590 1379 1019 1468 Abstiuuereinsequentes
1042 1403 1142 1468 usque
1171 1381 1210 1446 ad
1235 1380 1287 1444 Iu·
1355 1421 1365 1440 .

138 1489 294 1554 venalem.

229 1593 412 1679 Spondiaca
427 1594 584 1660 vocabula
603 1617 675 1660 cum
695 1594 787 1660 hiatu
801 1617 867 1672 ¹non
883 1595 1066 1678 adhibuere,
1084 1595 1147 1660 nisi
1161 1593 1287 1659 Ennius

140 1702 241 1788 epigr.
265 1701 294 1780 I,
321 1704 354 1785 1,
378 1697 542 1786 Vergilius
566 1721 675 1787 georg.
699 1702 729 1785 Ι,
752 1703 835 1786 437,
859 1701 938 1768 Hor.
962 1702 1053 1788 epod.
1077 1701 1111 1786 5,
1137 1702 1208 1766 100.
1292 1687 1299 1696 ’

230 1806 299 1872 Cet.
323 1809 362 1874 cl.
386 1807 415 1872 d.
439 1831 463 1873 r.
487 1831 527 1874 m.
552 1809 745 1874 304-309.

668 2021 764 2103 sm

31 2201 38 2208 .
229 2144 272 2210 Iu
290 2147 357 2210 arsi
375 2167 437 2211 uou
449 2151 550 2230 potest
567 2166 628 2212 essa
645 2146 749 2210 hiatus
768 2147 911 2240 trevium,
931 2146 986 2210 sed
1005 2145 1039 2209 in
1053 2167 1084 2210 ru
1104 2145 1286 2210 exeuntium
1307 2183 1313 2199 ι

141 2251 299 2317 admisere
322 2251 449 2317 Ennius
475 2250 560 2339 [ann.
584 2251 678 2336 275],
706 2251 853 2318 Tibullus
874 2251 920 2337 Ι[Ι,
943 2251 978 2334 5,
1002 2253 1073 2336 33],
1100 2251 1288 2336 Propertius

140 2358 218 2442 [lll‚
248 2359 303 2442 15,
335 2360 365 2442 13
394 2359 451 2443 32,
478 2355 550 2442 45],
578 2357 730 2424 Manilius
759 2359 802 2444 [l·‚
827 2358 919 2442 littrl,
947 2362 1115 2442 practerea
1142 2357 1289 2424 Catullus

140 2469 190 2529 ter
212 2465 246 2529 in
269 2487 402 2530 caesura
433 2465 640 2550 pentametri,
668 2465 732 2530 nisi
760 2466 902 2549 corrupti
930 2469 1007 2530 sunt
1033 2465 1117 2548 locir
1138 2466 1208 2550 [66,
1231 2465 1289 2550 48,

141 2573 198 2655 67,
221 2572 278 2655 44,
302 2573 360 2657 97,
383 2574 431 2654 2],
456 2572 724 2656 scribendumque
748 2576 797 2636 est
827 2572 935 2656 potius
959 2569 1128 2656 Clratybou,
1155 2578 1291 2654 speraret

141 2697 195 2743 uec
218 2679 372 2764 tiupuam,
393 2685 536 2744 utraruuc
559 2699 592 2744 os
615 2699 658 2743 au
680 2679 791 2744 arturi.
1178 2671 1183 2678 ’

229 2785 273 2849 Iu
300 2787 423 2868 torrparu
449 2787 589 2868 rtrriurtcs
616 2805 685 2850 arur
712 2785 801 2850 hiatu
827 2807 890 2851 uou
921 2785 1125 2850 attribuerunt
1150 2786 1289 2868 plerique
1371 2859 1375 2865 .

141 2911 246 2957 omues
273 2913 295 2955 a
322 2891 476 2957 Ciceronis
502 2893 574 2956 iudo
601 2897 744 2976 temporo,
771 2893 834 2958 uisi
861 2897 917 2957 aut
944 2899 976 2956 iu
999 2913 1125 2958 camara
1154 2891 1291 2974 legitima

136 2999 371 3083 partiremiurcri
392 2999 438 3064 oct
460 2999 629 3080 atiquoudo
650 2998 898 3082 tcplrtluruirueri
921 3003 977 3063 aut
994 3019 1064 3064 curu
1080 2998 1204 3062 uaruiuc
1216 3019 1289 3080 pro·

136 3105 418 3188 mcum
1213 3087 1218 3096 '

354 3225 531 3294 Nereidum
555 3230 651 3293 matri
671 3231 676 3308 Ι
696 3231 729 3293 et
751 3227 901 3314 Neptuuo
926 3227 1066 3314 Aegaeo.

237 3353 389 3436 Vcrpitius
427 3355 550 3438 tamen,
587 3353 730 3418 Ennium
767 3357 909 3438 secutus,
949 3355 1044 3418 etiam
1080 3354 1292 3436 multiplicatis

140 3459 268 3542 syllabis
295 3460 432 3525 travibus
464 3464 521 3525 aut
547 3461 685 3526 atiniaco
714 3461 956 3542 iutcrpaucticuc
983 3460 1085 3525 utitur
1117 3459 1223 3544 hiatu,
1256 3464 1292 3526 ut

143 3567 177 3629 in
201 3565 281 3630 illis:

201 3661 205 3670 ⁸
299 3672 406 3736 evolat
429 3671 540 3736 infelix
565 3676 597 3737 et
620 3671 754 3737 femineo
780 3671 916 3736 ululatu.

299 3778 326 3842 si
348 3800 455 3862 pereo,
478 3779 646 3858 hominum
669 3779 817 3843 manibus
841 3777 975 3863 periisse
998 3769 1142 3862 iuvabit}

143 3906 177 3966 et
201 3901 330 3987 quidem
353 3901 542 3987 identidem,
564 3906 601 3967 ut
624 3925 684 3986 par
706 3907 768 3986 est,
791 3903 824 3966 in
843 3924 876 3966 re
900 3902 1023 3968 difficili
1043 3903 1093 3967 vel
1112 3904 1214 3968 anoni
1237 3903 1289 3968 de-

142 4007 323 4074 scribenda.

231 4113 320 4180 Idem
353 4115 452 4180 semel
484 4115 518 4180 in
546 4116 772 4198 monosyllabo
805 4115 949 4181 admittit
978 4115 1104 4180 hiatum
1137 4118 1289 4201 sequente

121 4221 232 4288 ·brevi
257 4221 303 4288 sic
328 4223 411 4302 [aen.
434 4220 495 4306 IV,
519 4221 612 4304 235]:

242 4345 318 4430 quid
342 4345 439 4410 struit
461 4349 519 4412 aut
541 4369 605 4431 qua
627 4367 679 4429 spe
700 4346 832 4413 iuimica
854 4345 889 4412 in
912 4351 1010 4433 gente
1034 4346 1199 4412 moratur?

141 4470 198 4537 sed
221 4489 326 4554 paene
351 4470 453 4554 solus3
476 4471 515 4535 cf.
538 4470 568 4535 d.
586 4493 610 4536 r.
629 4491 670 4536 m.
690 4471 765 4536 309.
806 4470 942 4535 Hiatum
964 4471 999 4534 in
1022 4472 1087 4536 arsi
1109 4471 1208 4540 habet
1231 4473 1289 4540 cir-
