3260 5292
598 463 716 519 CAPUT
735 465 781 518 lll.
841 503 843 508 .

183 627 406 711 irreparabilis
428 628 602 692 abstulerit
626 631 632 705 Ι
657 627 720 691 iam
745 627 918 710 praeterita
941 627 1040 691 aetas.

181 735 273 799 celso
290 740 418 817 pertua
443 757 537 820 saepe
561 735 671 799 iubam
694 737 827 819 quassat
849 733 945 798 simul
968 733 1078 798 altam.

102 877 146 941 ln
175 880 272 943 sexto
296 877 375 962 pede
398 877 460 942 hae
483 880 558 942 sunt
580 867 704 943 formae
725 899 784 943 aori
809 877 973 960 lepitimoe:

179 1002 241 1066 dat
264 1003 358 1067 latus,
387 1003 568 1086 insequitur
591 1003 719 1067 cumulo
742 1005 934 1086 praeruptus
957 1021 1174 1083 aquaemoaa

179 1108 299 1191 Aeole,
322 1130 462 1192 namque
484 1108 546 1172 tibi
569 1109 677 1173 divum
700 1113 792 1192 pater
815 1111 911 1192 atque
933 1108 1093 1173 luminam
1115 1127 1177 1171 rer.

179 1237 257 1279 cum
281 1214 377 1280 sociis
401 1217 579 1299 gnatoque,
601 1213 776 1281 Penatibus
796 1218 833 1279 et
855 1216 977 1298 mopais
999 1216 1056 1279 die.

105 1339 229 1416 Quinti
252 1339 342 1422 pedis
364 1340 491 1404 vinosae
513 1341 589 1403 sunt
611 1338 733 1403 formae
755 1340 838 1404 tales

70 1547 78 1561 '
180 1467 216 1527 et
239 1485 302 1548 quo
327 1485 472 1548 quaeque
490 1463 591 1564 ‘modo
614 1463 730 1528 fierent
753 1486 852 1548 opera
875 1464 943 1528 aine
967 1463 1084 1528 divum.

180 1574 316 1654 propter
339 1573 516 1654 egestatem
539 1570 669 1656 linguae
693 1575 726 1634 et
749 1592 855 1635 rerum
878 1571 1058 1634 novitatem.

181 1677 290 1741 fixerit
311 1676 491 1760 aeripedem
515 1699 641 1742 cervam
664 1677 741 1742 licet
763 1681 819 1742 aut
841 1676 1045 1760 Erymanthi.

197 1807 351 1906 'Denique
370 1840 433 1885 non
451 1819 519 1884 licei
534 1840 654 1884 ceramo
671 1820 762 1901 finiri
783 1818 940 1884 vocabulo
953 1818 1174 1901 pantomimis,
1197 1839 1263 1880 nou
1333 1884 1337 1887 ,

109 1925 247 2009 quidem
271 1926 313 1990 ob
342 1948 472 1991 causam
500 1925 732 2012 rhythmicam,
759 1925 816 1990 sed
839 1925 915 2010 quia
941 1925 1041 1990 verba
1069 1927 1137 1988 tam
1165 1923 1263 2008 longa

108 2031 242 2097 faciunt
278 2017 376 2098 linem
414 2033 543 2097 mollem
575 2032 672 2097 nimis
705 2036 737 2097 et
774 2032 927 2116 debilem,
963 2053 1036 2096 eum
1072 2029 1262 2115 praesertim

109 2160 228 2204 eorum
243 2138 323 2204 duae
338 2137 471 2204 ultimae
486 2138 631 2222 syllabae
646 2138 712 2204 fere
729 2139 794 2204 sint
811 2138 983 2204 flexionum
1002 2139 1114 2204 instar.
1150 2135 1262 2221 Itaque

105 2266 230 2327 ponam
242 2247 346 2330 piacet
367 2248 504 2310 metrum
526 2247 606 2310 tale:
791 2235 794 2241 ¹

181 2369 294 2434 divisit
316 2371 457 2436 medium
480 2370 658 2435 fortissima
682 2371 944 2454 Tyndaridarum.

112 2492 239 2559 Contra
256 2497 426 2577 permissae
449 2498 526 2560 sunt
550 2495 672 2578 species
694 2497 797 2576 quinti
819 2517 855 2560 oc
877 2496 1060 2577 semipedis
1082 2495 1177 2560 tales:

182 2623 218 2683 at
242 2618 366 2684 Boreae
389 2619 428 2684 de
451 2622 543 2704 parte
566 2619 665 2684 trucis
689 2641 761 2683 cum
784 2620 937 2684 fulminat
959 2624 988 2684 ct
1008 2639 1085 2684 oum.

182 2726 219 2791 in
242 2749 327 2791 nova
349 2727 416 2792 fort
438 2726 565 2790 animus
590 2728 731 2790 mutatas
754 2727 851 2791 diem
873 2727 1005 2791 formas.

180 2833 377 2918 inferretque
400 2832 476 2898 deos
500 2833 602 2916 Latio,
626 2835 832 2918 genusque
854 2833 1017 2897 Latinum.

185 2961 276 3005 arma
299 2941 465 3024 virumque
490 2961 584 3022 cano,
607 2940 723 3004 Troiae
747 2940 801 3023 qui
818 2941 945 3020 primm
967 2940 1006 3004 ab
1029 2940 1104 3005 oris.

100 3057 103 3064 '
182 3069 260 3112 nam
283 3067 387 3131 neque
410 3045 545 3110 Parnasi
568 3045 663 3110 nobis
686 3045 762 3130 iuga
780 3066 859 3109 nom
881 3067 976 3128 aeque
999 3045 1102 3112 Pindi.

153 3153 309 3242 ⁸cederet
332 3155 527 3236 autquarta
550 3152 720 3217 socialiter.
743 3152 793 3216 bic
814 3157 843 3217 ei
863 3153 899 3216 in
922 3151 1009 3218 Acci.

114 3292 185 3359 Iam
218 3294 387 3360 dicendum
420 3294 459 3359 de
491 3294 637 3358 versibus
670 3295 724 3377 qui
757 3295 936 3378 spondeum
968 3294 1091 3359 habent
1122 3295 1156 3359 in
1189 3295 1261 3360 loco

115 3400 238 3484 quinto.
284 3401 321 3465 Id
349 3401 425 3487 quia
454 3401 559 3465 visum
588 3401 710 3484 durius,
738 3405 853 3485 poetae
883 3402 1025 3486 plerique
1054 3425 1166 3467 omnes
1190 3425 1261 3467 eum

114 3527 176 3572 acon
199 3508 369 3572 admittunt
389 3509 453 3573 cisi
475 3509 582 3592 posito
607 3508 641 3571 in
665 3510 729 3572 fine
753 3508 850 3573 verbo
873 3509 1096 3594 tetrasyllabo:

181 3633 407 3716 armatumque
431 3655 509 3698 auro
534 3632 750 3718 circumspicit
774 3625 904 3712 Oriona,

119 3776 187 3858 aut,
215 3775 301 3858 quod
328 3779 378 3840 est
404 3775 507 3840 rarius
514 3823 524 3857 ,
556 3775 725 3859 trisyllabo
754 3775 963 3859 praecedente
992 3777 1162 3841 minimum
1189 3777 1263 3842 cho-

117 3879 288 3946 riambico:
381 3941 391 3958 ‚

185 4027 305 4091 perque
327 4007 511 4091 hiemesque
535 4011 705 4092 aestusque
729 4011 762 4073 et
783 4009 959 4092 insequentes
981 3991 1153 4073 actiacos.

119 4149 230 4216 Minus
264 4122 382 4231 ploret
400 4150 606 4235 trisyllabum
647 4111 873 4234 praecedente·
899 4151 1055 4215 vocabulo
1097 4151 1182 4234 quod
1220 4152 1264 4216 sit

120 4255 223 4321 minus
241 4278 338 4341 quam
358 4261 513 4344 quattuor
537 4260 593 4322 aut
615 4257 713 4322 trium
733 4257 940 4342 syllabarum.
982 4258 1092 4323 Vitiosi
1114 4278 1172 4322 nec
1195 4279 1263 4321 um·

121 4381 214 4444 quam
238 4363 371 4438 admissi
394 4365 428 4428 in
451 4364 564 4448 quinto
585 4365 657 4430 loco
682 4387 701 4428 a
720 4363 850 4429 Graecis
875 4367 930 4428 aut
949 4363 1105 4429 Romanis
1130 4364 1263 4447 spondei

120 4465 177 4554 ita,
203 4473 240 4536 ut
268 4473 325 4536 aut
354 4475 462 4536 sextus
491 4475 547 4538 aut
574 4473 704 4560 quintus
733 4493 790 4558 pes
819 4475 946 4544 constet
975 4472 1074 4543 uerbo
1102 4469 1264 4560 disyllabo
