<?xml version="1.0" encoding="UTF-8"?>
<!DOCTYPE html PUBLIC "-//W3C//DTD XHTML 1.0 Transitional//EN"
    "http://www.w3.org/TR/xhtml1/DTD/xhtml1-transitional.dtd">
<html xmlns="http://www.w3.org/1999/xhtml" xml:lang="en" lang="en">
 <head>
  <title>
</title>
<meta http-equiv="Content-Type" content="text/html;charset=utf-8" />
  <meta name='ocr-system' content='tesseract 3.04.00' />
  <meta name='ocr-capabilities' content='ocr_page ocr_carea ocr_par ocr_line ocrx_word'/>
</head>
<body>
  <div class='ocr_page' id='page_1' title='image "./reimetricaepoet00mlgoog_0062.png"; bbox 0 0 3260 5292; ppageno 0'>
   <div class='ocr_carea' id='block_1_1' title="bbox 537 377 1348 454">
    <p class='ocr_par' dir='ltr' id='par_1_1' title="bbox 537 377 1348 454">
     <span class='ocr_line' id='line_1_1' title="bbox 537 377 1348 454; baseline 0.007 -12"><span class='ocrx_word' id='word_1_1' title='bbox 537 426 545 448; x_wconf 83' lang='grc'><em>,</em></span> <span class='ocrx_word' id='word_1_2' title='bbox 645 386 765 442; x_wconf 74' lang='lat' dir='ltr'><em>cneus</em></span> <span class='ocrx_word' id='word_1_3' title='bbox 784 388 831 442; x_wconf 86' lang='lat'><em>111.</em></span> <span class='ocrx_word' id='word_1_4' title='bbox 852 377 898 446; x_wconf 74' lang='lat' dir='ltr'><em>lv.</em></span> <span class='ocrx_word' id='word_1_5' title='bbox 1305 391 1348 454; x_wconf 78' lang='lat'><em>53</em></span> 
     </span>
    </p>
   </div>
   <div class='ocr_carea' id='block_1_2' title="bbox 132 550 1347 1063">
    <p class='ocr_par' dir='ltr' id='par_1_2' title="bbox 132 550 1347 1063">
     <span class='ocr_line' id='line_1_2' title="bbox 191 550 1347 639; baseline 0.003 -21"><span class='ocrx_word' id='word_1_6' title='bbox 191 554 334 618; x_wconf 66' lang='lat' dir='ltr'><em>(luorum</em></span> <span class='ocrx_word' id='word_1_7' title='bbox 357 557 413 617; x_wconf 89' lang='lat' dir='ltr'><em>aut</em></span> <span class='ocrx_word' id='word_1_8' title='bbox 435 552 580 635; x_wconf 88' lang='lat' dir='ltr'><em>plurimu</em></span> <span class='ocrx_word' id='word_1_9' title='bbox 606 550 798 634; x_wconf 78' lang='lat' dir='ltr'><em>splmtorum</em></span> <span class='ocrx_word' id='word_1_10' title='bbox 824 551 982 632; x_wconf 80' lang='lat' dir='ltr'><em>uocabulo,</em></span> <span class='ocrx_word' id='word_1_11' title='bbox 1008 573 1086 636; x_wconf 80' lang='lat' dir='ltr'><em>quoe</em></span> <span class='ocrx_word' id='word_1_12' title='bbox 1107 555 1171 619; x_wconf 87' lang='lat' dir='ltr'><em>siut</em></span> <span class='ocrx_word' id='word_1_13' title='bbox 1191 555 1347 639; x_wconf 70' lang='lat' dir='ltr'><em>sr&#39;puisiou·</em></span> 
     </span>
     <span class='ocr_line' id='line_1_3' title="bbox 191 658 1347 744; baseline 0.003 -20"><span class='ocrx_word' id='word_1_14' title='bbox 191 661 291 726; x_wconf 83' lang='lat' dir='ltr'><em>tionis</em></span> <span class='ocrx_word' id='word_1_15' title='bbox 313 660 409 726; x_wconf 83' lang='lat' dir='ltr'><em>mimis</em></span> <span class='ocrx_word' id='word_1_16' title='bbox 435 659 536 742; x_wconf 75' lang='lat' dir='ltr'><em>emilis,</em></span> <span class='ocrx_word' id='word_1_17' title='bbox 561 661 598 722; x_wconf 89' lang='lat' dir='ltr'><em>ut</em></span> <span class='ocrx_word' id='word_1_18' title='bbox 625 658 677 724; x_wconf 88' lang='lat' dir='ltr'><em>ille</em></span> <span class='ocrx_word' id='word_1_19' title='bbox 698 663 789 741; x_wconf 74' lang='lat' dir='ltr'><em>utque</em></span> <span class='ocrx_word' id='word_1_20' title='bbox 810 679 916 724; x_wconf 87' lang='lat' dir='ltr'><em>uerum</em></span> <span class='ocrx_word' id='word_1_21' title='bbox 938 681 1045 744; x_wconf 78' lang='lat' dir='ltr'><em>quare,</em></span> <span class='ocrx_word' id='word_1_22' title='bbox 1063 681 1177 743; x_wconf 79' lang='lat' dir='ltr'><em>ponere</em></span> <span class='ocrx_word' id='word_1_23' title='bbox 1199 663 1234 726; x_wconf 85' lang='lat' dir='ltr'><em>iu</em></span> <span class='ocrx_word' id='word_1_24' title='bbox 1256 663 1347 728; x_wconf 83' lang='lat' dir='ltr'><em>initio</em></span> 
     </span>
     <span class='ocr_line' id='line_1_4' title="bbox 189 765 1346 854; baseline 0.003 -22"><span class='ocrx_word' id='word_1_25' title='bbox 189 787 302 832; x_wconf 86' lang='lat' dir='ltr'><em>versus</em></span> <span class='ocrx_word' id='word_1_26' title='bbox 328 771 385 831; x_wconf 79' lang='lat' dir='ltr'><em>ult</em></span> <span class='ocrx_word' id='word_1_27' title='bbox 409 766 472 848; x_wconf 68' lang='lat' dir='ltr'><em>Jiue</em></span> <span class='ocrx_word' id='word_1_28' title='bbox 498 769 615 848; x_wconf 77' lang='lat' dir='ltr'><em>excepto</em></span> <span class='ocrx_word' id='word_1_29' title='bbox 641 767 764 847; x_wconf 80' lang='lat' dir='ltr'><em>quaudo</em></span> <span class='ocrx_word' id='word_1_30' title='bbox 787 765 957 850; x_wconf 80' lang='lat' dir='ltr'><em>eliduntur,</em></span> <span class='ocrx_word' id='word_1_31' title='bbox 984 787 1038 831; x_wconf 86' lang='lat' dir='ltr'><em>mo</em></span> <span class='ocrx_word' id='word_1_32' title='bbox 1064 767 1171 852; x_wconf 84' lang='lat' dir='ltr'><em>magis</em></span> <span class='ocrx_word' id='word_1_33' title='bbox 1195 790 1249 834; x_wconf 85' lang='lat' dir='ltr'><em>eos</em></span> <span class='ocrx_word' id='word_1_34' title='bbox 1277 771 1346 854; x_wconf 83' lang='lat' dir='ltr'><em>pati</em></span> 
     </span>
     <span class='ocr_line' id='line_1_5' title="bbox 132 871 1345 964; baseline 0.003 -27"><span class='ocrx_word' id='word_1_35' title='bbox 132 951 138 964; x_wconf 32' lang='grc' dir='ltr'>ι</span> <span class='ocrx_word' id='word_1_36' title='bbox 190 873 422 958; x_wconf 82' lang='lat' dir='ltr'><em>monosyllabo,</em></span> <span class='ocrx_word' id='word_1_37' title='bbox 450 893 531 956; x_wconf 89' lang='lat' dir='ltr'><em>quae</em></span> <span class='ocrx_word' id='word_1_38' title='bbox 555 871 622 936; x_wconf 87' lang='lat' dir='ltr'><em>sint</em></span> <span class='ocrx_word' id='word_1_39' title='bbox 645 872 737 956; x_wconf 81' lang='lat' dir='ltr'><em>gravi</em></span> <span class='ocrx_word' id='word_1_40' title='bbox 761 872 1011 958; x_wconf 80' lang='lat' dir='ltr'><em>significatione,</em></span> <span class='ocrx_word' id='word_1_41' title='bbox 1033 874 1200 940; x_wconf 74' lang='lat' dir='ltr'><em>delitescere</em></span> <span class='ocrx_word' id='word_1_42' title='bbox 1224 876 1261 940; x_wconf 91' lang='lat' dir='ltr'><em>in</em></span> <span class='ocrx_word' id='word_1_43' title='bbox 1283 877 1345 942; x_wconf 88' lang='lat' dir='ltr'><em>fine</em></span> 
     </span>
     <span class='ocr_line' id='line_1_6' title="bbox 194 978 678 1063; baseline 0 -19"><span class='ocrx_word' id='word_1_44' title='bbox 194 980 296 1044; x_wconf 84' lang='lat' dir='ltr'><em>metri</em></span> <span class='ocrx_word' id='word_1_45' title='bbox 320 982 357 1045; x_wconf 89' lang='lat' dir='ltr'><em>ut</em></span> <span class='ocrx_word' id='word_1_46' title='bbox 380 978 464 1063; x_wconf 87' lang='lat' dir='ltr'><em>apud</em></span> <span class='ocrx_word' id='word_1_47' title='bbox 493 978 678 1062; x_wconf 79' lang='lat' dir='ltr'><em>Verpilium:</em></span> 
     </span>
    </p>
   </div>
   <div class='ocr_carea' id='block_1_3' title="bbox 308 1103 1237 1189">
    <p class='ocr_par' dir='ltr' id='par_1_3' title="bbox 308 1103 1237 1189">
     <span class='ocr_line' id='line_1_7' title="bbox 308 1103 1237 1189; baseline 0.004 -21"><span class='ocrx_word' id='word_1_48' title='bbox 308 1103 429 1169; x_wconf 75' lang='lat' dir='ltr'>labitur</span> <span class='ocrx_word' id='word_1_49' title='bbox 452 1103 670 1189; x_wconf 82' lang='lat' dir='ltr'><em>exanimisque</em></span> <span class='ocrx_word' id='word_1_50' title='bbox 694 1105 833 1168; x_wconf 84' lang='lat' dir='ltr'><em>tremens</em></span> <span class='ocrx_word' id='word_1_51' title='bbox 858 1104 1042 1188; x_wconf 84' lang='lat' dir='ltr'><em>procumbit</em></span> <span class='ocrx_word' id='word_1_52' title='bbox 1064 1105 1155 1170; x_wconf 89' lang='lat' dir='ltr'><em>humi</em></span> <span class='ocrx_word' id='word_1_53' title='bbox 1178 1106 1237 1172; x_wconf 81' lang='lat' dir='ltr'><em>tos</em></span> 
     </span>
    </p>
   </div>
   <div class='ocr_carea' id='block_1_4' title="bbox 665 1321 876 1328">
    <p class='ocr_par' dir='ltr' id='par_1_4' title="bbox 665 1321 876 1328">
     <span class='ocr_line' id='line_1_8' title="bbox 665 1321 876 1328; baseline 0.005 -2"><span class='ocrx_word' id='word_1_54' title='bbox 665 1321 876 1328; x_wconf 65' lang='lat'>————...—.-</span> 
     </span>
    </p>
   </div>
   <div class='ocr_carea' id='block_1_5' title="bbox 620 1491 889 1608">
    <p class='ocr_par' dir='ltr' id='par_1_5' title="bbox 620 1491 889 1608">
     <span class='ocr_line' id='line_1_9' title="bbox 620 1491 889 1608; baseline 0.004 -2"><span class='ocrx_word' id='word_1_55' title='bbox 620 1491 801 1606; x_wconf 59' lang='lat' dir='ltr'><em>⁴oneuu</em></span> <span class='ocrx_word' id='word_1_56' title='bbox 831 1533 889 1608; x_wconf 82' lang='lat' dir='ltr'><em>m.</em></span> 
     </span>
    </p>
   </div>
   <div class='ocr_carea' id='block_1_6' title="bbox 187 1687 1340 1774">
    <p class='ocr_par' dir='ltr' id='par_1_6' title="bbox 187 1687 1340 1774">
     <span class='ocr_line' id='line_1_10' title="bbox 187 1687 1340 1774; baseline 0.003 -18"><span class='ocrx_word' id='word_1_57' title='bbox 187 1691 242 1756; x_wconf 87' lang='lat' dir='ltr'><em>De</em></span> <span class='ocrx_word' id='word_1_58' title='bbox 268 1691 404 1774; x_wconf 86' lang='lat' dir='ltr'><em>synizesi</em></span> <span class='ocrx_word' id='word_1_59' title='bbox 425 1692 457 1754; x_wconf 89' lang='lat' dir='ltr'><em>et</em></span> <span class='ocrx_word' id='word_1_60' title='bbox 477 1689 643 1754; x_wconf 87' lang='lat' dir='ltr'><em>dihaeresi.</em></span> <span class='ocrx_word' id='word_1_61' title='bbox 680 1687 729 1754; x_wconf 88' lang='lat' dir='ltr'><em>De</em></span> <span class='ocrx_word' id='word_1_62' title='bbox 749 1689 882 1754; x_wconf 85' lang='lat' dir='ltr'><em>elisione</em></span> <span class='ocrx_word' id='word_1_63' title='bbox 903 1692 934 1754; x_wconf 89' lang='lat' dir='ltr'><em>et</em></span> <span class='ocrx_word' id='word_1_64' title='bbox 952 1689 1043 1754; x_wconf 88' lang='lat' dir='ltr'><em>hiatu</em></span> <span class='ocrx_word' id='word_1_65' title='bbox 1068 1691 1110 1772; x_wconf 91' lang='lat' dir='ltr'><em>[d.</em></span> <span class='ocrx_word' id='word_1_66' title='bbox 1130 1714 1153 1756; x_wconf 90' lang='lat' dir='ltr'><em>r.</em></span> <span class='ocrx_word' id='word_1_67' title='bbox 1174 1715 1214 1756; x_wconf 89' lang='lat' dir='ltr'><em>m.</em></span> <span class='ocrx_word' id='word_1_68' title='bbox 1234 1695 1340 1759; x_wconf 79' lang='lat'><em>242-</em></span> 
     </span>
    </p>
   </div>
   <div class='ocr_carea' id='block_1_7' title="bbox 189 1796 1343 1987">
    <p class='ocr_par' dir='ltr' id='par_1_7' title="bbox 189 1796 1343 1987">
     <span class='ocr_line' id='line_1_11' title="bbox 189 1796 1343 1904; baseline 0.002 -41"><span class='ocrx_word' id='word_1_69' title='bbox 189 1799 284 1879; x_wconf 62' lang='lat'><em>312}</em></span> <span class='ocrx_word' id='word_1_70' title='bbox 320 1796 369 1862; x_wconf 87' lang='lat' dir='ltr'><em>De</em></span> <span class='ocrx_word' id='word_1_71' title='bbox 392 1797 558 1904; x_wconf 74' lang='lat' dir='ltr'><em>productis</em></span> <span class='ocrx_word' id='word_1_72' title='bbox 582 1799 715 1882; x_wconf 84' lang='lat' dir='ltr'><em>propter</em></span> <span class='ocrx_word' id='word_1_73' title='bbox 738 1797 897 1880; x_wconf 87' lang='lat' dir='ltr'><em>duplioem</em></span> <span class='ocrx_word' id='word_1_74' title='bbox 921 1819 1097 1862; x_wconf 83' lang='lat' dir='ltr'><em>consonam</em></span> <span class='ocrx_word' id='word_1_75' title='bbox 1119 1797 1343 1883; x_wconf 80' lang='lat' dir='ltr'><em>insequentem</em></span> 
     </span>
     <span class='ocr_line' id='line_1_12' title="bbox 291 1902 1161 1987; baseline 0.007 -23"><span class='ocrx_word' id='word_1_76' title='bbox 291 1957 295 1964; x_wconf 92' lang='lat'>.</span> <span class='ocrx_word' id='word_1_77' title='bbox 387 1907 443 1968; x_wconf 89' lang='lat' dir='ltr'><em>aut</em></span> <span class='ocrx_word' id='word_1_78' title='bbox 465 1902 547 1966; x_wconf 86' lang='lat' dir='ltr'><em>arsis</em></span> <span class='ocrx_word' id='word_1_79' title='bbox 571 1903 602 1968; x_wconf 86' lang='lat' dir='ltr'><em>vi</em></span> <span class='ocrx_word' id='word_1_80' title='bbox 626 1904 761 1987; x_wconf 83' lang='lat' dir='ltr'>syllabis</span> <span class='ocrx_word' id='word_1_81' title='bbox 786 1903 829 1984; x_wconf 90' lang='lat' dir='ltr'><em>[d.</em></span> <span class='ocrx_word' id='word_1_82' title='bbox 848 1925 872 1968; x_wconf 90' lang='lat' dir='ltr'><em>r.</em></span> <span class='ocrx_word' id='word_1_83' title='bbox 892 1927 931 1968; x_wconf 91' lang='lat' dir='ltr'><em>m.</em></span> <span class='ocrx_word' id='word_1_84' title='bbox 952 1904 1161 1987; x_wconf 64' lang='lat' dir='ltr'><em>sla-333}</em></span> 
     </span>
    </p>
   </div>
   <div class='ocr_carea' id='block_1_8' title="bbox 723 2100 817 2180">
    <p class='ocr_par' dir='ltr' id='par_1_8' title="bbox 723 2100 817 2180">
     <span class='ocr_line' id='line_1_13' title="bbox 723 2100 817 2180; baseline -0.106 -8"><span class='ocrx_word' id='word_1_85' title='bbox 723 2100 817 2180; x_wconf 67' lang='lat' dir='ltr'><em>§tu</em></span> 
     </span>
    </p>
   </div>
   <div class='ocr_carea' id='block_1_9' title="bbox 188 2223 1342 2840">
    <p class='ocr_par' dir='ltr' id='par_1_9' title="bbox 188 2223 1342 2840">
     <span class='ocr_line' id='line_1_14' title="bbox 283 2223 1341 2310; baseline 0.004 -20"><span class='ocrx_word' id='word_1_86' title='bbox 283 2223 321 2290; x_wconf 81' lang='lat' dir='ltr'><em>Si</em></span> <span class='ocrx_word' id='word_1_87' title='bbox 338 2224 450 2291; x_wconf 80' lang='lat' dir='ltr'><em>uocalis</em></span> <span class='ocrx_word' id='word_1_88' title='bbox 469 2225 515 2289; x_wconf 87' lang='lat' dir='ltr'><em>uel</em></span> <span class='ocrx_word' id='word_1_89' title='bbox 536 2245 568 2290; x_wconf 91' lang='lat' dir='ltr'><em>m</em></span> <span class='ocrx_word' id='word_1_90' title='bbox 592 2225 694 2288; x_wconf 84' lang='lat' dir='ltr'><em>littero</em></span> <span class='ocrx_word' id='word_1_91' title='bbox 712 2226 746 2288; x_wconf 88' lang='lat' dir='ltr'><em>iu</em></span> <span class='ocrx_word' id='word_1_92' title='bbox 768 2225 830 2306; x_wconf 61' lang='lat' dir='ltr'><em>siue</em></span> <span class='ocrx_word' id='word_1_93' title='bbox 852 2223 987 2308; x_wconf 75' lang='lat' dir='ltr'><em>syllabae</em></span> <span class='ocrx_word' id='word_1_94' title='bbox 1002 2226 1109 2308; x_wconf 86' lang='lat' dir='ltr'><em>posito</em></span> <span class='ocrx_word' id='word_1_95' title='bbox 1126 2228 1276 2310; x_wconf 78' lang='lat' dir='ltr'><em>emor&#39;pritur</em></span> <span class='ocrx_word' id='word_1_96' title='bbox 1298 2250 1341 2294; x_wconf 86' lang='lat' dir='ltr'><em>se-</em></span> 
     </span>
     <span class='ocr_line' id='line_1_15' title="bbox 188 2330 1341 2414; baseline 0.001 -16"><span class='ocrx_word' id='word_1_97' title='bbox 188 2338 300 2414; x_wconf 71' lang='lat' dir='ltr'><em>plenu</em></span> <span class='ocrx_word' id='word_1_98' title='bbox 317 2333 416 2398; x_wconf 83' lang='lat' dir='ltr'><em>umuli</em></span> <span class='ocrx_word' id='word_1_99' title='bbox 428 2331 507 2396; x_wconf 80' lang='lat' dir='ltr'><em>vett</em></span> <span class='ocrx_word' id='word_1_100' title='bbox 524 2332 646 2413; x_wconf 88' lang='lat' dir='ltr'><em>spiritu,</em></span> <span class='ocrx_word' id='word_1_101' title='bbox 665 2330 802 2396; x_wconf 72' lang='lat' dir='ltr'><em>subsistit</em></span> <span class='ocrx_word' id='word_1_102' title='bbox 814 2337 842 2395; x_wconf 88' lang='lat' dir='ltr'><em>et</em></span> <span class='ocrx_word' id='word_1_103' title='bbox 860 2331 979 2396; x_wconf 84' lang='lat' dir='ltr'><em>loborat</em></span> <span class='ocrx_word' id='word_1_104' title='bbox 996 2337 1025 2396; x_wconf 88' lang='lat' dir='ltr'><em>et</em></span> <span class='ocrx_word' id='word_1_105' title='bbox 1040 2333 1132 2414; x_wconf 80' lang='lat' dir='ltr'><em>quusi</em></span> <span class='ocrx_word' id='word_1_106' title='bbox 1148 2332 1217 2398; x_wconf 84' lang='lat' dir='ltr'><em>lint</em></span> <span class='ocrx_word' id='word_1_107' title='bbox 1234 2337 1341 2400; x_wconf 89' lang='lat' dir='ltr'><em>orutio.</em></span> 
     </span>
     <span class='ocr_line' id='line_1_16' title="bbox 190 2437 1340 2524; baseline 0.002 -21"><span class='ocrx_word' id='word_1_108' title='bbox 190 2439 237 2504; x_wconf 84' lang='lat' dir='ltr'><em>Id</em></span> <span class='ocrx_word' id='word_1_109' title='bbox 258 2440 367 2504; x_wconf 84' lang='lat' dir='ltr'><em>uitium</em></span> <span class='ocrx_word' id='word_1_110' title='bbox 387 2439 516 2522; x_wconf 79' lang='lat' dir='ltr'><em>pruoius</em></span> <span class='ocrx_word' id='word_1_111' title='bbox 538 2443 593 2516; x_wconf 88' lang='lat' dir='ltr'><em>est,</em></span> <span class='ocrx_word' id='word_1_112' title='bbox 611 2439 703 2519; x_wconf 87' lang='lat' dir='ltr'><em>prior</em></span> <span class='ocrx_word' id='word_1_113' title='bbox 725 2438 754 2501; x_wconf 92' lang='lat' dir='ltr'><em>si</em></span> <span class='ocrx_word' id='word_1_114' title='bbox 775 2438 887 2504; x_wconf 82' lang='lat' dir='ltr'><em>voculis</em></span> <span class='ocrx_word' id='word_1_115' title='bbox 906 2439 941 2503; x_wconf 88' lang='lat' dir='ltr'><em>iu</em></span> <span class='ocrx_word' id='word_1_116' title='bbox 959 2440 1041 2504; x_wconf 75' lang='lat' dir='ltr'><em>exitu</em></span> <span class='ocrx_word' id='word_1_117' title='bbox 1064 2437 1147 2503; x_wconf 86' lang='lat' dir='ltr'><em>uerti</em></span> <span class='ocrx_word' id='word_1_118' title='bbox 1168 2440 1211 2502; x_wconf 92' lang='lat' dir='ltr'><em>sit</em></span> <span class='ocrx_word' id='word_1_119' title='bbox 1226 2442 1340 2524; x_wconf 78' lang='lat' dir='ltr'><em>posite,</em></span> 
     </span>
     <span class='ocr_line' id='line_1_17' title="bbox 190 2545 1340 2629; baseline 0.002 -19"><span class='ocrx_word' id='word_1_120' title='bbox 190 2547 340 2626; x_wconf 77' lang='lat' dir='ltr'><em>quoumm</em></span> <span class='ocrx_word' id='word_1_121' title='bbox 365 2546 455 2628; x_wconf 74' lang='lat' dir='ltr'><em>[tuito</em></span> <span class='ocrx_word' id='word_1_122' title='bbox 477 2545 564 2610; x_wconf 83' lang='lat' dir='ltr'><em>uerbo</em></span> <span class='ocrx_word' id='word_1_123' title='bbox 586 2566 645 2627; x_wconf 92' lang='lat' dir='ltr'><em>per</em></span> <span class='ocrx_word' id='word_1_124' title='bbox 666 2564 698 2608; x_wconf 89' lang='lat' dir='ltr'><em>se</em></span> <span class='ocrx_word' id='word_1_125' title='bbox 719 2545 896 2609; x_wconf 78' lang='lat' dir='ltr'><em>retardetur</em></span> <span class='ocrx_word' id='word_1_126' title='bbox 919 2546 1017 2610; x_wconf 84' lang='lat' dir='ltr'><em>oratio</em></span> <span class='ocrx_word' id='word_1_127' title='bbox 1040 2551 1068 2610; x_wconf 91' lang='lat' dir='ltr'><em>et</em></span> <span class='ocrx_word' id='word_1_128' title='bbox 1094 2547 1340 2629; x_wconf 73' lang='lat' dir='ltr'><em>interrumpitur.</em></span> 
     </span>
     <span class='ocr_line' id='line_1_18' title="bbox 189 2651 1342 2734; baseline 0.003 -18"><span class='ocrx_word' id='word_1_129' title='bbox 189 2651 266 2717; x_wconf 72' lang='lat' dir='ltr'><em>Illeo</em></span> <span class='ocrx_word' id='word_1_130' title='bbox 289 2655 382 2716; x_wconf 87' lang='lat' dir='ltr'><em>etium</em></span> <span class='ocrx_word' id='word_1_131' title='bbox 404 2654 440 2716; x_wconf 87' lang='lat' dir='ltr'><em>iu</em></span> <span class='ocrx_word' id='word_1_132' title='bbox 461 2655 559 2718; x_wconf 83' lang='lat' dir='ltr'><em>medio</em></span> <span class='ocrx_word' id='word_1_133' title='bbox 581 2653 669 2718; x_wconf 85' lang='lat' dir='ltr'><em>uerbo</em></span> <span class='ocrx_word' id='word_1_134' title='bbox 692 2653 853 2734; x_wconf 77' lang='lat' dir='ltr'><em>composito</em></span> <span class='ocrx_word' id='word_1_135' title='bbox 878 2653 1032 2718; x_wconf 82' lang='lat' dir='ltr'><em>molestior</em></span> <span class='ocrx_word' id='word_1_136' title='bbox 1058 2652 1163 2717; x_wconf 78' lang='lat' dir='ltr'><em>lliotus</em></span> <span class='ocrx_word' id='word_1_137' title='bbox 1190 2674 1284 2734; x_wconf 79' lang='lat' dir='ltr'><em>quom</em></span> <span class='ocrx_word' id='word_1_138' title='bbox 1307 2658 1342 2720; x_wconf 87' lang='lat' dir='ltr'><em>iu</em></span> 
     </span>
     <span class='ocr_line' id='line_1_19' title="bbox 188 2758 333 2840; baseline 0 -17"><span class='ocrx_word' id='word_1_139' title='bbox 188 2758 333 2840; x_wconf 77' lang='lat' dir='ltr'><em>simplici.</em></span> 
     </span>
    </p>
   </div>
   <div class='ocr_carea' id='block_1_10' title="bbox 458 2860 1077 2981">
    <p class='ocr_par' dir='ltr' id='par_1_10' title="bbox 458 2860 1077 2981">
     <span class='ocr_line' id='line_1_20' title="bbox 458 2860 1077 2981; baseline 0 -17"><span class='ocrx_word' id='word_1_140' title='bbox 458 2909 507 2964; x_wconf 84' lang='lat' dir='ltr'><em>De</em></span> <span class='ocrx_word' id='word_1_141' title='bbox 531 2909 676 2978; x_wconf 77' lang='lat' dir='ltr'><em>syninesi</em></span> <span class='ocrx_word' id='word_1_142' title='bbox 701 2899 743 2981; x_wconf 88' lang='lat' dir='ltr'><em>[d.</em></span> <span class='ocrx_word' id='word_1_143' title='bbox 762 2923 786 2966; x_wconf 87' lang='lat' dir='ltr'><em>r.</em></span> <span class='ocrx_word' id='word_1_144' title='bbox 806 2923 847 2964; x_wconf 88' lang='lat' dir='ltr'><em>m.</em></span> <span class='ocrx_word' id='word_1_145' title='bbox 866 2860 1077 2981; x_wconf 30' lang='lat' dir='ltr'><em>242—2&#39;76p</em></span> 
     </span>
    </p>
   </div>
   <div class='ocr_carea' id='block_1_11' title="bbox 150 3023 1365 4050">
    <p class='ocr_par' dir='ltr' id='par_1_11' title="bbox 189 3023 1365 3430">
     <span class='ocr_line' id='line_1_21' title="bbox 281 3023 1339 3109; baseline 0.003 -21"><span class='ocrx_word' id='word_1_146' title='bbox 281 3025 431 3109; x_wconf 75' lang='lat' dir='ltr'><em>Hirtium,</em></span> <span class='ocrx_word' id='word_1_147' title='bbox 458 3026 494 3089; x_wconf 87' lang='lat' dir='ltr'><em>iu</em></span> <span class='ocrx_word' id='word_1_148' title='bbox 520 3027 618 3090; x_wconf 77' lang='lat' dir='ltr'><em>merliu</em></span> <span class='ocrx_word' id='word_1_149' title='bbox 640 3025 727 3089; x_wconf 85' lang='lat' dir='ltr'><em>uerlo</em></span> <span class='ocrx_word' id='word_1_150' title='bbox 751 3024 804 3109; x_wconf 91' lang='lat' dir='ltr'><em>qui</em></span> <span class='ocrx_word' id='word_1_151' title='bbox 828 3025 933 3108; x_wconf 84' lang='lat' dir='ltr'><em>fieret,</em></span> <span class='ocrx_word' id='word_1_152' title='bbox 961 3023 1074 3090; x_wconf 81' lang='lat' dir='ltr'><em>Groeoi</em></span> <span class='ocrx_word' id='word_1_153' title='bbox 1100 3047 1159 3109; x_wconf 90' lang='lat' dir='ltr'><em>pro</em></span> <span class='ocrx_word' id='word_1_154' title='bbox 1184 3027 1339 3092; x_wconf 87' lang='lat' dir='ltr'><em>varietate</em></span> 
     </span>
     <span class='ocr_line' id='line_1_22' title="bbox 193 3131 1365 3225; baseline 0.004 -31"><span class='ocrx_word' id='word_1_155' title='bbox 193 3131 404 3196; x_wconf 80' lang='lat' dir='ltr'><em>dialectorum</em></span> <span class='ocrx_word' id='word_1_156' title='bbox 443 3131 568 3196; x_wconf 83' lang='lat' dir='ltr'><em>diverso</em></span> <span class='ocrx_word' id='word_1_157' title='bbox 600 3131 695 3196; x_wconf 88' lang='lat' dir='ltr'><em>modo</em></span> <span class='ocrx_word' id='word_1_158' title='bbox 727 3131 841 3213; x_wconf 84' lang='lat' dir='ltr'><em>tulere,</em></span> <span class='ocrx_word' id='word_1_159' title='bbox 880 3131 1022 3196; x_wconf 91' lang='lat' dir='ltr'><em>omnium</em></span> <span class='ocrx_word' id='word_1_160' title='bbox 1055 3131 1207 3197; x_wconf 82' lang='lat' dir='ltr'><em>facillime</em></span> <span class='ocrx_word' id='word_1_161' title='bbox 1239 3133 1365 3225; x_wconf 61' lang='lat' dir='ltr'><em>Ioues.¹</em></span> 
     </span>
     <span class='ocr_line' id='line_1_23' title="bbox 191 3237 1340 3323; baseline 0.001 -20"><span class='ocrx_word' id='word_1_162' title='bbox 191 3237 342 3303; x_wconf 82' lang='lat' dir='ltr'><em>Ceterum</em></span> <span class='ocrx_word' id='word_1_163' title='bbox 375 3238 414 3302; x_wconf 82' lang='lat' dir='ltr'><em>ad</em></span> <span class='ocrx_word' id='word_1_164' title='bbox 443 3237 621 3304; x_wconf 88' lang='lat' dir='ltr'><em>tollendum</em></span> <span class='ocrx_word' id='word_1_165' title='bbox 654 3261 727 3303; x_wconf 89' lang='lat' dir='ltr'><em>eum</em></span> <span class='ocrx_word' id='word_1_166' title='bbox 755 3237 892 3302; x_wconf 87' lang='lat' dir='ltr'><em>Romuui</em></span> <span class='ocrx_word' id='word_1_167' title='bbox 920 3259 1016 3323; x_wconf 84' lang='lat' dir='ltr'><em>saepe</em></span> <span class='ocrx_word' id='word_1_168' title='bbox 1049 3239 1150 3304; x_wconf 88' lang='lat' dir='ltr'><em>isdem</em></span> <span class='ocrx_word' id='word_1_169' title='bbox 1182 3240 1233 3304; x_wconf 90' lang='lat' dir='ltr'><em>usi</em></span> <span class='ocrx_word' id='word_1_170' title='bbox 1263 3244 1340 3306; x_wconf 89' lang='lat' dir='ltr'><em>sunt</em></span> 
     </span>
     <span class='ocr_line' id='line_1_24' title="bbox 189 3344 1225 3430; baseline 0.003 -22"><span class='ocrx_word' id='word_1_171' title='bbox 189 3344 340 3409; x_wconf 82' lang='lat' dir='ltr'><em>remediis</em></span> <span class='ocrx_word' id='word_1_172' title='bbox 365 3346 482 3430; x_wconf 85' lang='lat' dir='ltr'><em>quibus</em></span> <span class='ocrx_word' id='word_1_173' title='bbox 506 3344 627 3410; x_wconf 80' lang='lat' dir='ltr'><em>Graeci.</em></span> <span class='ocrx_word' id='word_1_174' title='bbox 1221 3351 1225 3356; x_wconf 86' lang='lat'>&#39;</span> 
     </span>
    </p>

    <p class='ocr_par' dir='ltr' id='par_1_12' title="bbox 150 3449 1338 4050">
     <span class='ocr_line' id='line_1_25' title="bbox 280 3449 1337 3536; baseline 0.002 -20"><span class='ocrx_word' id='word_1_175' title='bbox 280 3449 469 3517; x_wconf 83' lang='lat' dir='ltr'><em>Notandum</em></span> <span class='ocrx_word' id='word_1_176' title='bbox 498 3456 605 3516; x_wconf 88' lang='lat' dir='ltr'><em>autem</em></span> <span class='ocrx_word' id='word_1_177' title='bbox 629 3451 792 3517; x_wconf 85' lang='lat' dir='ltr'><em>Romanos</em></span> <span class='ocrx_word' id='word_1_178' title='bbox 818 3457 888 3534; x_wconf 89' lang='lat' dir='ltr'><em>post</em></span> <span class='ocrx_word' id='word_1_179' title='bbox 909 3453 1047 3534; x_wconf 75' lang='lat' dir='ltr'><em>Almusti</em></span> <span class='ocrx_word' id='word_1_180' title='bbox 1074 3457 1191 3536; x_wconf 83' lang='lat' dir='ltr'><em>toutpus</em></span> <span class='ocrx_word' id='word_1_181' title='bbox 1213 3453 1337 3518; x_wconf 87' lang='lat' dir='ltr'><em>hiatum</em></span> 
     </span>
     <span class='ocr_line' id='line_1_26' title="bbox 191 3557 1338 3644; baseline 0.003 -23"><span class='ocrx_word' id='word_1_182' title='bbox 191 3559 228 3622; x_wconf 88' lang='lat' dir='ltr'><em>iu</em></span> <span class='ocrx_word' id='word_1_183' title='bbox 250 3559 356 3623; x_wconf 90' lang='lat' dir='ltr'><em>medio</em></span> <span class='ocrx_word' id='word_1_184' title='bbox 379 3559 477 3623; x_wconf 86' lang='lat' dir='ltr'><em>verbo</em></span> <span class='ocrx_word' id='word_1_185' title='bbox 501 3557 697 3622; x_wconf 81' lang='lat' dir='ltr'><em>accidentem</em></span> <span class='ocrx_word' id='word_1_186' title='bbox 722 3559 824 3623; x_wconf 90' lang='lat' dir='ltr'><em>multo</em></span> <span class='ocrx_word' id='word_1_187' title='bbox 848 3559 974 3623; x_wconf 82' lang='lat' dir='ltr'><em>facilius</em></span> <span class='ocrx_word' id='word_1_188' title='bbox 998 3559 1110 3623; x_wconf 87' lang='lat' dir='ltr'><em>tulisse</em></span> <span class='ocrx_word' id='word_1_189' title='bbox 1134 3583 1231 3644; x_wconf 88' lang='lat' dir='ltr'><em>quam</em></span> <span class='ocrx_word' id='word_1_190' title='bbox 1255 3565 1338 3635; x_wconf 85' lang='lat' dir='ltr'><em>ante.</em></span> 
     </span>
     <span class='ocr_line' id='line_1_27' title="bbox 150 3664 1338 3750; baseline 0.003 -22"><span class='ocrx_word' id='word_1_191' title='bbox 150 3697 156 3706; x_wconf 95' lang='lat'><strong>·</strong></span> <span class='ocrx_word' id='word_1_192' title='bbox 191 3664 300 3749; x_wconf 86' lang='lat' dir='ltr'><em>Atque</em></span> <span class='ocrx_word' id='word_1_193' title='bbox 325 3665 404 3730; x_wconf 89' lang='lat' dir='ltr'><em>adeo</em></span> <span class='ocrx_word' id='word_1_194' title='bbox 432 3686 495 3749; x_wconf 90' lang='lat' dir='ltr'><em>quo</em></span> <span class='ocrx_word' id='word_1_195' title='bbox 524 3665 596 3748; x_wconf 91' lang='lat' dir='ltr'><em>quis</em></span> <span class='ocrx_word' id='word_1_196' title='bbox 620 3664 786 3749; x_wconf 81' lang='lat' dir='ltr'><em>antiquior</em></span> <span class='ocrx_word' id='word_1_197' title='bbox 812 3668 957 3749; x_wconf 89' lang='lat' dir='ltr'><em>tempore</em></span> <span class='ocrx_word' id='word_1_198' title='bbox 985 3666 1047 3730; x_wconf 89' lang='lat' dir='ltr'><em>fuit</em></span> <span class='ocrx_word' id='word_1_199' title='bbox 1074 3669 1171 3750; x_wconf 83' lang='lat' dir='ltr'><em>poeta</em></span> <span class='ocrx_word' id='word_1_200' title='bbox 1193 3665 1338 3750; x_wconf 82' lang='lat' dir='ltr'><em>Latinus,</em></span> 
     </span>
     <span class='ocr_line' id='line_1_28' title="bbox 192 3770 1337 3856; baseline 0.002 -20"><span class='ocrx_word' id='word_1_201' title='bbox 192 3794 232 3836; x_wconf 85' lang='lat' dir='ltr'><em>eo</em></span> <span class='ocrx_word' id='word_1_202' title='bbox 251 3775 283 3836; x_wconf 89' lang='lat' dir='ltr'><em>et</em></span> <span class='ocrx_word' id='word_1_203' title='bbox 305 3773 398 3856; x_wconf 86' lang='lat' dir='ltr'><em>plura</em></span> <span class='ocrx_word' id='word_1_204' title='bbox 421 3776 454 3836; x_wconf 88' lang='lat' dir='ltr'><em>et</em></span> <span class='ocrx_word' id='word_1_205' title='bbox 476 3792 557 3854; x_wconf 87' lang='lat' dir='ltr'><em>quae</em></span> <span class='ocrx_word' id='word_1_206' title='bbox 578 3771 672 3836; x_wconf 90' lang='lat' dir='ltr'><em>nobis</em></span> <span class='ocrx_word' id='word_1_207' title='bbox 692 3770 862 3835; x_wconf 86' lang='lat' dir='ltr'><em>videantur</em></span> <span class='ocrx_word' id='word_1_208' title='bbox 885 3772 1015 3838; x_wconf 88' lang='lat' dir='ltr'><em>duriora</em></span> <span class='ocrx_word' id='word_1_209' title='bbox 1038 3772 1267 3838; x_wconf 79' lang='lat' dir='ltr'><em>contractionis</em></span> <span class='ocrx_word' id='word_1_210' title='bbox 1286 3775 1337 3838; x_wconf 87' lang='lat' dir='ltr'><em>vel</em></span> 
     </span>
     <span class='ocr_line' id='line_1_29' title="bbox 191 3877 1336 3964; baseline 0.002 -22"><span class='ocrx_word' id='word_1_211' title='bbox 191 3879 347 3964; x_wconf 85' lang='lat' dir='ltr'><em>synizesis</em></span> <span class='ocrx_word' id='word_1_212' title='bbox 367 3879 451 3962; x_wconf 89' lang='lat' dir='ltr'><em>apud</em></span> <span class='ocrx_word' id='word_1_213' title='bbox 471 3899 543 3941; x_wconf 90' lang='lat' dir='ltr'><em>eum</em></span> <span class='ocrx_word' id='word_1_214' title='bbox 561 3877 769 3942; x_wconf 85' lang='lat' dir='ltr'><em>inveniuntur</em></span> <span class='ocrx_word' id='word_1_215' title='bbox 792 3879 945 3964; x_wconf 83' lang='lat' dir='ltr'><em>exempla.</em></span> <span class='ocrx_word' id='word_1_216' title='bbox 983 3879 1019 3943; x_wconf 91' lang='lat' dir='ltr'><em>Id</em></span> <span class='ocrx_word' id='word_1_217' title='bbox 1039 3879 1089 3943; x_wconf 85' lang='lat' dir='ltr'><em>vel</em></span> <span class='ocrx_word' id='word_1_218' title='bbox 1110 3880 1247 3944; x_wconf 84' lang='lat' dir='ltr'><em>maxime</em></span> <span class='ocrx_word' id='word_1_219' title='bbox 1267 3903 1336 3964; x_wconf 87' lang='lat' dir='ltr'><em>per·</em></span> 
     </span>
     <span class='ocr_line' id='line_1_30' title="bbox 188 3985 777 4050; baseline 0 0"><span class='ocrx_word' id='word_1_220' title='bbox 188 3986 276 4050; x_wconf 86' lang='lat' dir='ltr'><em>tinet</em></span> <span class='ocrx_word' id='word_1_221' title='bbox 299 3986 338 4050; x_wconf 90' lang='lat' dir='ltr'><em>ad</em></span> <span class='ocrx_word' id='word_1_222' title='bbox 362 3985 512 4050; x_wconf 83' lang='lat' dir='ltr'><em>Plautum</em></span> <span class='ocrx_word' id='word_1_223' title='bbox 536 3987 568 4048; x_wconf 91' lang='lat' dir='ltr'><em>et</em></span> <span class='ocrx_word' id='word_1_224' title='bbox 593 3985 777 4050; x_wconf 85' lang='lat' dir='ltr'><em>Terentium.</em></span> 
     </span>
    </p>
   </div>
   <div class='ocr_carea' id='block_1_12' title="bbox 56 4164 1335 4482">
    <p class='ocr_par' dir='ltr' id='par_1_13' title="bbox 56 4164 1335 4482">
     <span class='ocr_line' id='line_1_31' title="bbox 720 4164 814 4244; baseline 0 -17"><span class='ocrx_word' id='word_1_225' title='bbox 720 4167 739 4244; x_wconf 65' lang='grc' dir='ltr'><strong>ς</strong></span> <span class='ocrx_word' id='word_1_226' title='bbox 762 4164 814 4227; x_wconf 77' lang='grc'><em>27.</em></span> 
     </span>
     <span class='ocr_line' id='line_1_32' title="bbox 280 4286 1335 4371; baseline 0.001 -20"><span class='ocrx_word' id='word_1_227' title='bbox 280 4286 342 4352; x_wconf 78' lang='lat' dir='ltr'><em>Seu</em></span> <span class='ocrx_word' id='word_1_228' title='bbox 362 4290 405 4352; x_wconf 78' lang='lat' dir='ltr'><em>cul</em></span> <span class='ocrx_word' id='word_1_229' title='bbox 426 4289 631 4371; x_wconf 82' lang='lat' dir='ltr'><em>mitipumlum</em></span> <span class='ocrx_word' id='word_1_230' title='bbox 654 4309 723 4352; x_wconf 76' lang='lat' dir='ltr'><em>oleru</em></span> <span class='ocrx_word' id='word_1_231' title='bbox 746 4289 855 4370; x_wconf 85' lang='lat' dir='ltr'><em>primu</em></span> <span class='ocrx_word' id='word_1_232' title='bbox 879 4289 926 4352; x_wconf 83' lang='lat' dir='ltr'><em>lou</em></span> <span class='ocrx_word' id='word_1_233' title='bbox 949 4293 992 4352; x_wconf 86' lang='lat' dir='ltr'><em>est</em></span> <span class='ocrx_word' id='word_1_234' title='bbox 1013 4289 1048 4352; x_wconf 81' lang='lat' dir='ltr'><em>iu</em></span> <span class='ocrx_word' id='word_1_235' title='bbox 1070 4309 1207 4356; x_wconf 81' lang='lat' dir='ltr'><em>sermome</em></span> <span class='ocrx_word' id='word_1_236' title='bbox 1230 4289 1335 4371; x_wconf 71' lang='lat' dir='ltr'><em>lotium,</em></span> 
     </span>
     <span class='ocr_line' id='line_1_33' title="bbox 56 4395 1108 4482; baseline -0.003 -20"><span class='ocrx_word' id='word_1_237' title='bbox 56 4423 64 4436; x_wconf 95' lang='lat'><strong>·</strong></span> <span class='ocrx_word' id='word_1_238' title='bbox 185 4400 225 4462; x_wconf 89' lang='lat' dir='ltr'><em>ut</em></span> <span class='ocrx_word' id='word_1_239' title='bbox 247 4395 360 4482; x_wconf 69' lang='lat' dir='ltr'><em>poculis</em></span> <span class='ocrx_word' id='word_1_240' title='bbox 377 4416 463 4478; x_wconf 86' lang='lat' dir='ltr'><em>pum</em></span> <span class='ocrx_word' id='word_1_241' title='bbox 485 4396 505 4459; x_wconf 89' lang='lat' dir='ltr'><em>l.</em></span> <span class='ocrx_word' id='word_1_242' title='bbox 529 4416 552 4459; x_wconf 84' lang='lat' dir='ltr'><em>o.</em></span> <span class='ocrx_word' id='word_1_243' title='bbox 575 4399 646 4460; x_wconf 82' lang='lat' dir='ltr'><em>urite</em></span> <span class='ocrx_word' id='word_1_244' title='bbox 667 4395 798 4459; x_wconf 86' lang='lat' dir='ltr'><em>oooulem</em></span> <span class='ocrx_word' id='word_1_245' title='bbox 814 4397 920 4478; x_wconf 86' lang='lat' dir='ltr'><em>posito</em></span> <span class='ocrx_word' id='word_1_246' title='bbox 942 4395 1038 4460; x_wconf 84' lang='lat' dir='ltr'><em>trevis</em></span> <span class='ocrx_word' id='word_1_247' title='bbox 1060 4396 1108 4460; x_wconf 89' lang='lat' dir='ltr'><em>sit.</em></span> 
     </span>
    </p>
   </div>
   <div class='ocr_carea' id='block_1_13' title="bbox 0 0 1634 5292">
    <p class='ocr_par' dir='ltr' id='par_1_14' title="bbox 0 0 1634 5292">
     <span class='ocr_line' id='line_1_34' title="bbox 0 0 1634 5292; baseline 0 1"><span class='ocrx_word' id='word_1_248' title='bbox 0 0 1634 5292; x_wconf 95' lang='lat' dir='ltr'><em> </em></span> 
     </span>
    </p>
   </div>
  </div>
 </body>
</html>
