3260 5292
640 435 760 490 cleon
780 403 844 490 1(
918 497 920 502 ,
1120 500 1126 508 ,
1252 436 1294 500 15

138 597 280 662 Horatio
298 598 424 682 novati,
444 598 581 680 exclusis
601 598 729 684 quidem
753 597 956 682 systematis,
979 619 1061 682 quae
1080 597 1294 663 adhibuerant

139 705 206 788 illi,
230 705 402 772 admodum
425 705 574 788 placuere
592 705 691 788 pactis
713 705 767 786 qai
787 704 916 785 fanuel
932 709 1005 786 post
1026 703 1210 788 Aapastum.

234 811 273 876 In
292 813 338 876 eis
357 815 482 895 tamen,
505 811 662 894 paciscere
679 831 802 893 saecp.
822 808 898 875 Otr.
911 811 1027 894 mimo,
1050 811 1194 898 notranda
1212 812 1295 876 mira

135 919 287 1000 pa-ucc'tas
318 925 493 984 metrorum.
538 917 659 983 ¹Veluti
686 917 782 984 Statu
814 918 855 983 in»
883 918 992 1002 lyricis
1026 920 1101 982 sunt
1133 921 1295 1004 quattuor,

142 1025 311 1090 Martialis
334 1029 472 1110 septem,
495 1024 624 1092 Senecae
647 1029 775 1110 praeter
798 1025 924 1090 cantica
947 1025 1105 1109 quaedam
1124 1023 1239 1109 Oedipi
1263 1030 1296 1091 et

139 1131 414 1222 Agamemnonis,
440 1154 522 1218 quae
544 1132 677 1197 liberius
701 1136 778 1197 sunt
800 1133 925 1217 habita,
947 1132 1057 1216 paullo
1081 1133 1153 1217 plus
1177 1133 1295 1198 decem.

235 1237 467 1304 Disserendum
500 1239 561 1304 hoc
594 1241 665 1304 loco
698 1241 735 1304 de
765 1238 895 1305 Senecae
922 1239 1057 1304 canticis.
1111 1237 1151 1302 In
1178 1240 1295 1322 quibus
1342 1239 1347 1250 '

144 1345 316 1410 rarissime
339 1367 398 1411 nec
427 1367 465 1409 ea
492 1344 628 1410 feliciter
660 1346 772 1431 iugata
799 1346 898 1412 habet
926 1347 1104 1430 systemata
1136 1367 1296 1430 versuum,

145 1453 204 1516 sed
236 1453 378 1518 maxima
410 1474 485 1536 pars
518 1452 648 1517 illorum
677 1455 733 1516 aut
761 1452 976 1536 anapaesticis
1004 1452 1215 1516 monometris
1247 1456 1297 1516 est

144 1561 325 1644 perscripta
357 1563 414 1624 aut
445 1559 605 1642 versibus,
639 1580 718 1643 quos
751 1559 785 1622 in
816 1558 926 1644 lyricis
957 1556 1115 1623 Horatius
1148 1558 1297 1624 adhibuit

144 1667 289 1752 scriptis,
317 1665 752 1752 asclepiadeo’potissimum
782 1663 1030 1748 dodecasyllabo
1058 1665 1110 1730 vel
1140 1665 1295 1750 sapphico

41 1813 46 1822 ·
145 1772 430 1858 hendecasyllabo,
466 1772 521 1837 sed
554 1773 665 1856 utique
698 1772 767 1836 sine
801 1772 995 1857 systematis.
1053 1771 1225 1836 Praeterea
1261 1774 1296 1836 tu
1421 1855 1430 1868 l

147 1880 377 1963 Apamemucac
395 1886 423 1944 et
438 1879 550 1962 Oedipo
571 1879 645 1965 [Ag.
663 1879 862 1964 cae-6363
882 1875 1070 1964 ece-8663
1090 1877 1166 1943 Oed.
1185 1879 1295 1943 403-

146 1987 227 2069 4153
250 1988 451 2070 ece-5023
475 1987 673 2067 tce—737]
693 1986 854 2051 hahentur
873 1985 1030 2070 quaedam
1049 1986 1189 2070 cantica,
1203 2008 1295 2071 quae

147 2092 346 2158 Graecorum
371 2093 410 2158 ad
434 2093 537 2158 instar
560 2093 709 2158 licentius
738 2093 804 2158 sint
827 2093 1018 2178 composita,
1046 2097 1104 2158 aut
1131 2115 1170 2157 ex
1196 2093 1295 2158 versi-

74 2257 76 2265 ,
146 2200 208 2265 bus
233 2200 300 2265 sive
323 2224 361 2266 ex
385 2223 534 2266 versuum
562 2201 729 2284 particulis
752 2200 883 2266 Horatii
909 2200 1083 2284 lyricorum
1107 2200 1296 2282 carminum,

146 2311 206 2372 aut
235 2329 273 2372 ex
302 2309 348 2373 eis
376 2307 535 2392 versibus,
564 2307 619 2392 qui
646 2307 681 2371 in
709 2307 780 2372 aliis
808 2305 950 2370 eiusdem
978 2303 1117 2370 Senecae
1144 2305 1294 2370 cantibus

145 2414 364 2480 inveniuntur.
414 2413 461 2480 ef.
486 2414 515 2478 d.
541 2437 565 2478 r.
589 2437 629 2479 m.
661 2414 830 2478 120-23.
876 2410 1055 2475 Plurimum
1084 2415 1191 2477 autem
1219 2433 1295 2477 con·

145 2523 238 2585 stant
255 2543 294 2586 ex
313 2523 519 2608 asclepiadei,
539 2521 661 2600 alcaioi,
683 2520 830 2605 sapphici
848 2519 943 2584 metri
961 2519 1108 2603 pertibus
1128 2519 1192 2584 illis
1213 2543 1295 2605 quae
1360 2601 1362 2607 Ι

144 2630 230 2692 fiunt
253 2650 309 2711 per
332 2613 539 2696 caesuram:'

238 3267 287 3332 Ex
314 3267 365 3332 his
394 3271 503 3333 autem
529 3289 678 3334 versuum
706 3268 873 3352 particulis
897 3291 982 3335 nova
1010 3268 1166 3353 quaedam
1190 3273 1295 3334 metra

147 3377 400 3458 composuerunt
422 3380 530 3458 poetae
552 3377 695 3458 temporis
717 3376 838 3455 attimc';
862 3377 901 3442 of.
925 3377 1001 3441 dr.
1025 3399 1066 3440 m.
1093 3377 1168 3460 113,
1194 3377 1243 3442 14.

237 3481 375 3546 Secundo
390 3482 509 3547 eaeaclo
527 3503 595 3547 cam
612 3482 775 3547 Hadriani
788 3481 931 3548 Caesares
946 3483 1091 3567 exemplo
1111 3486 1143 3548 et
1157 3483 1294 3548 auctori-

145 3591 215 3654 tate
237 3589 408 3654 Frontonis
426 3590 545 3654 coalita
567 3613 679 3654 rursus
702 3592 788 3654 esset
809 3589 1028 3674 antiquiorum
1047 3589 1196 3674 Augusto
1220 3611 1294 3674 poe-

147 3699 254 3760 tarum
273 3695 422 3780 imitatio,
446 3696 550 3761 denuo
570 3697 719 3762 homines
739 3700 816 3761 sunt
835 3696 984 3761 delectati
999 3693 1118 3762 Catulli
1132 3717 1170 3760 ac
1183 3695 1293 3760 Laevii

146 3804 359 3888 nolvpeapc'a.
392 3801 489 3867 Catus
502 3803 548 3866 rei
562 3803 731 3885 exemplam
750 3803 884 3868 manime
896 3802 1016 3868 illustre
1031 3802 1160 3882 famant
1173 3802 1294 3867 Floras

146 3913 174 3974 ct
204 3909 375 3974 Aenianes
404 3914 432 3974 et
460 3929 532 3974 moa
558 3909 727 3992 Septimius
753 3909 897 3994 Saeuus,
928 3911 1043 3992 poetae
1070 3907 1294 3993 multiformes,

145 4015 272 4100 tenelli,
311 4017 431 4101 arguti,
467 4016 583 4082 nitoris
622 4038 721 4100 supra
757 4039 855 4100 quam
890 4015 976 4080 credi
1008 4017 1116 4099 potest
1148 4015 1294 4101 studiosi,

145 4144 343 4207 quamquam
375 4126 498 4187 certum
530 4124 581 4187 est
613 4111 793 4207 simplicem
826 4123 906 4188 recti
937 4121 1125 4206 pulchrique
1163 4143 1292 4186 sensum

145 4229 237 4293 nullo
262 4228 335 4292 fuco
358 4229 519 4314 nullisque
542 4230 709 4294 lenociniis
733 4252 827 4314 posse
851 4229 1062 4312 compensari.
1111 4229 1237 4294 Horum
1261 4234 1294 4294 et

144 4334 303 4400 similium
327 4335 445 4400 saeculi
464 4335 498 4400 II
517 4339 550 4399 et
567 4335 617 4400 ΙΙΙ
640 4339 810 4420 poetarum
831 4337 990 4420 quotquot
1008 4338 1120 4398 extant
1138 4333 1292 4420 reliquiae

141 4443 326 4510 carminum
357 4443 458 4509 habes
491 4445 642 4510 collectas
675 4445 709 4508 in
742 4442 916 4528 appendice
952 4441 1103 4508 editionis
1135 4441 1292 4508 librorum
