3260 5292
827 389 946 444 CAPUT
964 389 1011 445 IV.

870 609 889 687 e
913 606 964 670 34.

430 732 652 814 Antiquissimi
677 736 785 814 poetae
824 731 954 794 scaenici
985 730 1200 795 Rouuuonnn
1231 729 1503 815 frequentissime

343 839 393 902 usi
426 843 501 906 sunt
529 840 661 903 elisione
696 838 786 924 (nam
815 838 900 922 apud
929 837 1083 902 Plautum
1113 837 1323 902 inveniuntur
1349 861 1423 904 non
1454 840 1504 902 ita

343 968 416 1023 raro
448 968 558 1010 versus
583 968 654 1010 cum
679 946 784 1030 quinis
809 945 859 1008 vel
883 945 969 1008 senis
993 943 1194 1029 elisionibus)
1218 948 1251 1009 et
1273 967 1368 1029 saepe
1393 947 1503 1010 etiam

341 1053 414 1144 tali,
442 1075 538 1137 quarn
567 1057 603 1116 ut
633 1053 746 1117 duram
777 1051 872 1115 nimis
900 1050 1041 1114 vitarent
1064 1051 1221 1135 dactylici.
1266 1051 1351 1117 Nam
1376 1075 1420 1116 ex
1446 1053 1501 1116 bis

342 1159 407 1222 iam
436 1159 562 1223 Ennius
593 1165 622 1223 et
650 1161 793 1224 Lucilius
825 1157 987 1242 quandam
1020 1157 1104 1220 eirea
1137 1157 1287 1222 elisiones
1316 1159 1502 1222 adhibuere

271 1259 275 1265 ’
343 1287 466 1348 curam,
498 1267 639 1330 cavendo
668 1288 708 1330 116
740 1265 837 1330 nimis
870 1268 927 1328 aut
954 1264 1084 1328 crebrae
1119 1267 1228 1328 essent
1260 1267 1316 1328 aut
1343 1288 1501 1350 asperae,

343 1393 477 1455 eamque
510 1372 609 1437 etiam
646 1372 853 1436 intenderunt
884 1371 1058 1454 insuetius,
1091 1369 1208 1456 Cicero,
1241 1370 1392 1437 Catullus.
1454 1375 1502 1436 At

343 1479 484 1563 Augusti
511 1482 656 1564 tempore
687 1479 852 1560 Veuqiiius,
881 1501 1075 1564 quamquam
1103 1479 1294 1562 asperitates
1319 1479 1498 1544 elisionum

343 1586 513 1668 plerasque
540 1568 672 1670 vitavit,¹
697 1585 937 1650 multitudinem
966 1588 1078 1650 tamen
1105 1607 1171 1649 non
1200 1585 1332 1668 perinde
1361 1587 1498 1670 refugit.

343 1689 507 1776 (laterum,
534 1695 570 1756 ut
594 1694 643 1755 est
670 1713 819 1755 versuum
847 1691 963 1756 artifex
993 1692 1237 1778 subtilissimus,
1265 1714 1360 1776 saepe
1388 1693 1498 1755 utitur

343 1799 539 1877 elisionibus,
562 1799 700 1878 maxime
723 1800 904 1884 longarum,
927 1798 967 1863 ad
986 1781 1038 1862 res
1058 1818 1172 1882 mares
1196 1799 1247 1862 vel
1266 1797 1416 1862 difficiles
1438 1801 1497 1862 aut

343 1909 468 1970 atroces
491 1905 715 1972 describendas
739 1907 840 1970 velut:

454 2053 514 2116 me,
537 2052 593 2111 nc,
617 2031 728 2096 adsum
754 2032 808 2115 qui
830 2031 899 2110 feci,
922 2032 957 2095 in
981 2051 1033 2094 me
1057 2030 1234 2094 convertite
1256 2030 1386 2095 ferrum.

455 2141 544 2203 stant
565 2141 652 2203 terra
675 2138 795 2202 defiuoe
816 2139 938 2204 hastae.

452 2250 630 2310 monstrum
651 2245 857 2324 horrendum,
881 2245 1024 2325 informe,
1048 2245 1173 2329 ingens,
1197 2245 1248 2308 cui
1270 2245 1380 2308 lumen

1040 2342 1042 2352 ’
1082 2351 1276 2435 ademptum.

343 2477 448 2562 Magis
476 2477 574 2542 etiam
602 2477 663 2542 hoc
691 2477 878 2542 elisionibus
902 2480 935 2540 et
964 2476 1115 2561 frequens
1145 2479 1177 2540 et
1204 2475 1308 2540 audax
1329 2475 1494 2546 ‚Horatius

342 2587 377 2648 iu
408 2586 525 2650 saterris
555 2581 675 2670 (minus
707 2585 742 2647 iu
773 2584 925 2666 epistulis,
957 2604 1091 2666 quarum
1124 2583 1250 2646 numeri
1278 2583 1383 2667 magis
1416 2585 1493 2647 sunt

343 2687 518 2777 castigati).
568 2688 690 2754 Contra
718 2690 846 2755 Ouidius
874 2693 911 2754 ut
938 2688 1129 2773 asperitates
1158 2687 1327 2754 elisionum
1359 2689 1492 2774 perhor-

342 2798 422 2880 ruit,
449 2799 496 2860 ita
518 2818 687 2860 numerum
711 2797 801 2860 valde
825 2796 996 2860 imminuit.
1038 2795 1195 2878 Exemplo
1219 2817 1287 2860 rem
1311 2795 1491 2860 declarabo.

348 2905 500 2986 Vnpilius
531 2903 566 2967 in
597 2902 702 2986 primo
731 2901 893 2985 aeneidos,
927 2902 1018 2966 cuius
1048 2911 1124 2968 sunt
1153 2925 1264 2967 versus
1295 2903 1372 2986 756,
1405 2903 1492 2966 elisit

342 3011 476 3094 longam
503 3010 646 3074 vocalem
674 3011 799 3091 octupies
821 3010 995 3093 quinquies,
1027 3011 1060 3073 in
1088 3031 1120 3073 nc
1148 3011 1318 3074 exeuntem
1345 3010 1491 3092 nouoqics

341 3117 457 3200 septies,
479 3116 610 3180 brevem
628 3117 736 3181 centies
754 3117 923 3199 septuopies
946 3121 999 3180 ter.
1035 3114 1164 3182 'Contra
1184 3116 1313 3182 Ouidius
1335 3116 1370 3180 in
1389 3120 1490 3180 meta-

342 3223 560 3307 morphoseon
587 3223 705 3306 primo,
738 3224 827 3288 cuius
859 3225 935 3286 sunt
961 3245 1072 3288 versus
1103 3224 1181 3303 779,
1212 3223 1313 3322 habet
1328 3223 1489 3288 elisiones

342 3331 514 3414 longarum
535 3329 633 3414 VIII,
650 3329 683 3393 in
697 3351 729 3394 nt
744 3331 928 3394 exeuntium
943 3329 1083 3410 XXIII,
1097 3335 1318 3415 correptarum
1332 3329 1488 3394 ΟΧΧΙΧ.

343 3436 498 3500 Horatius
524 3437 559 3499 in
587 3437 652 3500 odis
674 3441 703 3500 et
728 3439 831 3529 epcclis
858 3439 961 3502 multo
993 3438 1132 3502 rariores
1160 3459 1198 3501 ac
1220 3438 1328 3501 minus
1357 3458 1489 3520 asperas

343 3542 442 3605 habet
465 3542 612 3606 elisiones
637 3566 734 3628 quam
756 3545 793 3608 in
814 3545 933 3610 suturis
954 3545 1000 3608 uel
1023 3545 1168 3626 epistulis.

431 3648 550 3712 Poetae
566 3649 621 3732 qui
639 3649 771 3714 fuerunt
778 3656 851 3732 post
863 3651 1049 3735 Aupnstunc,
1064 3673 1143 3736 quos
1158 3653 1278 3735 partim
1294 3652 1334 3717 ad
1353 3652 1489 3735 quilii,

343 3756 462 3838 partim
491 3755 531 3818 ad
560 3754 663 3820 Ouidii
690 3758 871 3841 exemplum
900 3759 1120 3822 conformasse
1150 3781 1260 3822 versus
1289 3781 1363 3823 suos
1392 3780 1489 3842 supra

343 3863 531 3945 memoravi,
558 3866 665 3926 utrum
693 3864 798 3948 magis
828 3866 929 3929 secuti
958 3866 1035 3949 sint,
1065 3866 1156 3928 nulla
1184 3887 1218 3928 re
1247 3865 1363 3929 clarius
1392 3885 1489 3948 quam

343 3967 514 4032 elisionum
542 3972 575 4032 et
602 3991 736 4034 numero
765 3973 798 4034 et
824 3971 1004 4035 rationibus
1036 3960 1266 4037 demonstrant.
1311 3971 1362 4034 Ex
1390 3973 1488 4055 epicis
1553 4035 1558 4044 ,

343 4078 450 4138 autern
479 4095 588 4139 omnes
616 4077 715 4162 longe
739 4081 771 4140 et
799 4078 962 4162 paucitate
986 4083 1018 4142 et
1041 4079 1202 4162 elegantia
1226 4079 1395 4143 elisionum
1421 4079 1488 4142 vin·

342 4181 387 4244 cit
411 4179 615 4246 Claudianus.
661 4183 825 4258 Quantum
856 4185 897 4248 ad
926 4185 1080 4270 reliquos,
1108 4186 1286 4250 notandum
1313 4185 1347 4248 in
1377 4184 1487 4247 metris

250 4370 254 4376 .
342 4288 538 4372 logaoedicis
570 4289 726 4354 maiorem
760 4291 928 4375 aliquanto
958 4313 1027 4356 esse
1059 4293 1225 4356 raritatem
1254 4291 1427 4355 elisionum
1459 4294 1488 4352 et

343 4396 532 4479 cautionem,
552 4419 645 4480 quarn
663 4397 696 4460 in
711 4397 881 4480 dactylicis
897 4398 947 4462 vel
962 4397 1118 4464 iambicis,
1150 4399 1187 4463 ld
1203 4398 1384 4463 ostenditur
1399 4419 1486 4480 aper-

1287 4505 1292 4536 s
