3260 5292
643 425 763 481 cneus
783 427 803 480 1.
1068 389 1071 394 ’
1273 426 1293 490 9

137 587 177 654 in
193 588 344 656 iambicis
355 611 392 654 ac
406 588 578 656 trochaicis
588 589 700 654 metris
714 592 842 674 praeter
855 589 969 673 pedem
983 586 1146 676 ultimum)
1156 589 1294 654 maxime

141 696 187 761 ab
217 695 264 761 eis
288 694 518 762 adhiberentur
546 695 686 788 trimetri
714 695 845 760 iambici
870 700 903 761 et
930 681 1113 764 tetrametri
1139 697 1294 762 trochaici

142 803 328 868 catalectici
353 801 446 889 (quae
471 824 591 889 genera
614 806 789 870 metrorum
812 823 869 887 per
893 825 988 869 omne
1010 806 1138 888 tempus
1163 810 1295 888 accepta

142 909 320 976 admodum
351 915 383 976 et
414 911 584 996 popularia
611 911 743 976 fuerunt
770 909 956 997 Romanis),
987 932 1078 994 eoqne
1105 911 1205 994 mayn
1231 915 1293 976 stn-

111 1001 121 1008 “
141 1017 247 1084 cinisca
264 1019 329 1083 arti
346 1038 497 1103 caenam,
517 1039 596 1104 quos
613 1018 811 1104 adhiberent,
829 1019 1057 1103 perpoliendae
1072 1040 1109 1084 ac
1123 1017 1294 1082 limandae.

681 1196 755 1280 eu.

234 1338 308 1402 Iam
337 1359 406 1404 crim
437 1359 542 1405 oasin
568 1317 668 1424 Liuii,
695 1339 822 1424 Naeuii,
849 1339 959 1405 Planti
986 1340 1092 1405 maltis
1120 1339 1295 1405 laborarent

143 1444 355 1530 incommodis,
379 1446 545 1529 productis
570 1446 759 1530 saepissime
782 1446 941 1532 thesibus,
972 1469 1037 1512 una
1060 1447 1188 1530 syllaba
1212 1468 1293 1532 quae
1409 1515 1412 1523 ,

144 1554 349 1638 constarent,
372 1553 523 1617 omnibus
547 1555 676 1638 praeter
697 1553 841 1618 iambum
866 1555 1026 1638 ultimum,
1049 1554 1164 1618 solutis
1187 1553 1294 1638 longis

144 1657 284 1742 syllabis
299 1663 429 1742 praeter
444 1659 604 1744 ultimam,
623 1660 831 1726 multitudine
847 1663 1018 1728 elisionum
1037 1683 1074 1726 ao
1093 1660 1296 1745 synizesium‚

143 1765 277 1830 licentia
291 1765 429 1850 quadam
449 1765 567 1850 hiatus,
586 1755 721 1851 denique
740 1768 905 1856 productis
923 1768 1076 1833 finalibus
1092 1767 1294 1854 quibusdam,

145 1873 286 1936 maxime
319 1873 354 1937 in
385 1893 403 1936 r
435 1877 468 1936 et
500 1878 513 1937 t
543 1873 747 1958 exeuntibus,
782 1896 863 1959 quae
896 1876 1016 1940 sensim
1052 1876 1117 1940 iarn
1155 1875 1295 1940 solerent

145 1979 279 2064 corripi,
305 1979 638 2060 amiralmuminin
661 1971 712 2047 act¹
725 1981 878 2066 Annales,
902 2003 1025 2048 carmen
1047 1983 1178 2066 epicam,
1204 1979 1294 2045 bena·

64 2171 73 2184 .
144 2089 242 2150 metro
269 2087 429 2171 dactylico,
457 2108 545 2169 qnam
572 2109 593 2152 a
621 2085 750 2154 Graccis
782 2089 940 2154 inventam
961 2091 1089 2172 primns
1121 2087 1296 2154 nobilitavit

145 2191 318 2276 Hom-erm,
344 2215 440 2260 nouas
466 2195 534 2260 aias
554 2195 700 2277 patefecit
725 2197 867 2262 metricae
889 2196 1112 2262 Romanorum.
1157 2195 1245 2260 Idem
1268 2198 1296 2259 et

145 2298 279 2388 disticbca
301 2300 433 2383 clepiaco
450 2303 575 2380 primm
597 2304 772 2385 composuit.
817 2301 989 2370 Praeterea
1013 2325 1085 2368 cum
1108 2325 1175 2368 non
1198 2299 1294 2366 modo

122 2410 247 2492 ,poeta
266 2411 359 2492 esset,
377 2408 433 2472 sed
452 2411 485 2472 ct
503 2409 743 2493 grammaticus,
764 2409 912 2474 adhibuit
929 2412 1051 2493 primus
1071 2411 1158 2474 inter
1176 2408 1293 2474 Roma-

112 2597 116 2602 ,
146 2535 209 2577 nos
228 2515 399 2580 mirificum
422 2515 501 2579 illud
521 2519 554 2580 et
572 2516 758 2580 abstrusum
777 2519 924 2601 metrum,
948 2517 1033 2602 quod
1056 2519 1189 2582 vocatur
1207 2513 1295 2582 Sota

145 2621 246 2684 decim.
282 2619 321 2684 In
345 2621 473 2706 saturis,
496 2643 631 2706 quarum
654 2644 730 2706 pars
749 2622 899 2687 videntur
921 2623 1022 2689 fuisse
1040 2623 1199 2688 didactica
1222 2621 1297 2714 eius¹

148 2726 308 2812 carmina,
333 2729 431 2793 etiam
454 2749 531 2792 usus
555 2731 605 2792 est
632 2729 780 2793 trimetris
803 2729 943 2794 iambicis
965 2735 994 2794 et
1021 2729 1180 2794 trochaicis
1203 2731 1294 2792 tetra·

146 2833 253 2898 metris
277 2834 486 2916 catalectieis,
515 2833 668 2900 adhibitis
694 2834 875 2918 promiscue
904 2835 1069 2919 spondeis,
1097 2835 1152 2900 sed
1178 2835 1296 2899 minore

54 2949 59 2956 '
147 2940 311 3022 aliquanto
334 2961 403 3006 cnm
427 2941 550 3006 licentio
573 2963 669 3025 quam
693 2939 838 3006 Plautus.

236 3045 345 3115 Sermo
372 3047 508 3114 Latinae
530 3069 599 3114 cnm
626 3049 704 3115 satis
726 3052 802 3114 essct
825 3047 930 3128 facitis
957 3049 1000 3113 ad
1025 3054 1123 3114 metra
1144 3048 1295 3131 dactylica

150 3191 188 3202 -
210 3175 408 3239 quamquam
426 3155 534 3220 minus
554 3154 722 3240 eliquanto
746 3153 800 3218 ille
820 3155 916 3237 aptus
936 3153 1059 3221 Graeco
1079 3193 1135 3238 -,
1158 3155 1296 3220 benerae

146 3262 237 3328 cessit
256 3261 384 3326 'Ennia
438 3259 541 3326 Nam*
560 3261 621 3326 etsi
655 3261 741 3345 apud
775 3283 848 3326 eum
881 3262 1088 3329 inveniuntur
1115 3260 1296 3326 hexametri

147 3368 279 3452 quidam
307 3389 440 3433 caesura
467 3371 612 3434 carentes
647 3371 704 3433 aut
736 3369 888 3453 spondeis
917 3369 994 3452 solis
1023 3370 1211 3434 constantes
1240 3371 1296 3432 aut

147 3475 230 3540 alias
254 3475 296 3539 ob
321 3496 434 3540 causas
457 3474 672 3559 improbandi,
696 3475 801 3540 maior
822 3479 934 3540 tamen
957 3498 1032 3559 pars
1051 3495 1202 3540 versuum
1226 3474 1294 3540 eius

147 3581 311 3666 elegantia
338 3585 483 3665 praestat
506 3585 539 3646 et
558 3573 675 3648 nitore.
720 3582 834 3668 Itaque
863 3583 986 3674 primus
1016 3604 1086 3647 eam
1115 3604 1225 3647 curem
1247 3582 1294 3646 rei

147 3689 301 3754 metricae
333 3689 448 3754 habuit
483 3689 670 3775 primusque
703 3711 774 3756 eam
808 3690 887 3755 artis
924 3691 1029 3756 tenuit
1060 3689 1159 3773 viam,
1197 3710 1294 3775 quarn

148 3797 251 3862 secuti
280 3796 443 3880 Vcrpitins,
466 3796 634 3882 Horatius,
659 3796 786 3864 Ouidim
804 3797 971 3862 metricam
994 3797 1130 3862 latinam
1150 3796 1190 3860 ad
1209 3819 1295 3862 sum-

148 3925 235 3968 mam
260 3902 462 3970 adduxerunt
484 3904 725 3988 perfectionem.

238 4009 328 4074 Idem
351 4014 460 4075 tamen
483 4011 645 4076 interdurn
668 4011 731 4075 fuit
751 4011 856 4076 studio
876 4010 950 4075 exili
970 4032 1010 4090 ,ac
1029 4031 1158 4075 moroso
1182 4010 1217 4074 in
1241 4011 1295 4075 ob·

149 4117 309 4182 servando
336 4115 496 4196 Homero,
533 4117 632 4181 veluti
666 4138 737 4181 cum
764 4118 882 4184 tmesin
909 4116 1115 4183 Homericam
1148 4116 1294 4182 imitatus

150 4221 232 4286 dixit
253 4243 330 4290 sarco
348 4244 412 4288 carc
434 4217 614 4288 comminuit
636 4222 725 4287 brnm
743 4226 800 4288 aut
822 4223 877 4287 ubi
904 4243 1045 4306 apocope
1068 4223 1152 4288 male
1175 4224 1294 4290 abusus

149 4330 258 4412 posuit
280 4329 355 4413 edet,
375 4351 452 4414 aun,
476 4331 513 4396 do
536 4352 595 4415 pro
619 4331 749 4413 coelam,
769 4332 933 4414 penatium,
956 4332 1089 4397 domam.

239 4437 315 4504 Post
322 4437 467 4503 Enniam
480 4458 575 4522 nsque
584 4439 627 4504 ad
636 4436 791 4504 Ciceronis
806 4443 922 4522 tempas
935 4460 1016 4505 noua
1029 4445 1128 4506 mctra
1137 4460 1158 4504 a
1167 4439 1293 4525 dactyli·
