3260 5292
680 419 799 474 CAPUT
818 420 865 473 Ill.
1301 420 1343 482 47

285 581 381 666 Apud
399 581 580 648 Phaedram
598 605 803 668 quamquam,
825 586 862 647 ut
880 585 993 647 notum
1013 585 1070 666 est,
1089 583 1272 666 promiscue
1292 582 1345 648 ad-

185 687 351 753 hibentur
375 689 510 773 spondei
532 693 661 772 praeter
683 689 797 773 pedem
817 693 958 774 sextum,
980 693 1090 754 tamen
1112 711 1152 753 ne
1173 688 1270 752 nimis
1289 688 1344 753 ob·

187 798 343 859 scuretur
361 817 512 861 numerus
536 796 717 862 trochaicus
740 796 790 861 vel
813 796 979 879 iambicuS,
1002 817 1179 879 numquam
1196 797 1345 862 caradas

188 903 305 966 tertiae
332 907 461 984 quartas
482 924 538 985 pes
566 903 724 970 vocabulo
756 905 919 986 spondiaco
950 903 1017 968 sive
1045 903 1238 983 anapaestico
1270 924 1343 967 con-

188 1009 328 1074 tinetur.
375 1007 422 1076 of.
448 1009 495 1073 ed.
519 1009 630 1074 maior.
653 1030 705 1094 pg.
729 1008 801 1074 XII.

287 1116 503 1201 Rhythmicae
532 1119 638 1180 autem
666 1116 776 1181 Plaata‘
799 1119 832 1180 et
857 1116 993 1182 Terentii
1018 1099 1201 1180 iamborum
1224 1117 1257 1178 ct
1279 1117 1343 1179 tro-

190 1222 369 1286 chaeornm
401 1223 503 1306 leges,
536 1225 573 1286 ut
605 1222 709 1287 obiter
740 1223 801 1298 hoc
836 1221 965 1308 addam,
997 1245 1064 1287 non
1093 1227 1168 1288 sunt
1201 1223 1345 1287 diversae

189 1330 316 1394 ratione
344 1351 364 1392 a
392 1327 545 1412 Phaedri,
573 1333 705 1413 excepto
735 1329 821 1414 quod
848 1329 908 1407 illi,
940 1335 978 1394 ut
1005 1333 1097 1393 erant
1125 1351 1236 1392 eorum
1265 1333 1344 1408 terp-

189 1457 278 1518 pora
300 1458 414 1520 parum
438 1435 541 1520 culta,
563 1434 651 1499 haud
673 1458 746 1500 raro
771 1435 833 1500 sihi
856 1434 1017 1500 indulsere
1041 1435 1219 1520 licentiam,
1248 1457 1344 1520 quam

194 1541 366 1607 Phaedrus
392 1545 627 1634 aspernaretur.

286 1646 325 1711 In
344 1648 523 1730 lopaoeda'ais
536 1652 643 1714 metris
656 1649 812 1714 Horatiae
824 1649 1078 1730 rarissime‘finit
1092 1670 1219 1714 versum
1234 1671 1344 1714 mono·

190 1753 324 1836 syllabo
351 1757 561 1839 praecedente
589 1758 662 1840 plus
693 1779 791 1840 quam
819 1755 1044 1840 monosyllabo
1073 1759 1109 1819 ut
1141 1756 1175 1820 in
1203 1758 1345 1820 carmine

191 1861 369 1926 saeculari:

465 1971 548 2035 alme
571 1969 640 2056 sol,
663 1991 757 2036 curru
779 1969 884 2038 nitido
906 1970 987 2034 dara
1009 1971 1079 2054 qai,

189 2111 256 2155 nec
281 2094 408 2178 saepius
432 2092 562 2160 Seneca

287 2199 325 2263 ln
336 2200 498 2282 phalaecio
518 2224 612 2267 versu
631 2199 778 2268 Catullus
801 2202 965 2267 interdum
988 2202 1082 2286 ponit
1099 2201 1134 2264 in
1152 2200 1215 2265 fine
1234 2223 1344 2266 mono-

191 2305 362 2388 syllabum
372 2309 583 2391 praecedente
598 2309 778 2393 plusquam
793 2309 1031 2393 monosyllabo,
1046 2310 1080 2372 at
1094 2305 1216 2371 Statius
1231 2308 1344 2371 semel:

452 2453 521 2498 non
543 2434 628 2500 leves
653 2435 755 2500 alicae
777 2455 837 2498 nec
860 2453 1004 2515 asperam
1025 2433 1092 2515 far,

190 2577 374 2637 numquam
397 2531 567 2623 Martialis.

286 2662 326 2726 In
354 2662 498 2745 sapphico
524 2665 643 2729 minare
666 2664 808 2731 Calathe
834 2669 891 2729 aar
913 2664 1068 2729 Horatiae
1095 2687 1271 2750 numquam
1298 2688 1345 2730 se·

193 2767 336 2834 cundum
369 2771 482 2853 pedem
519 2775 667 2836 constare
703 2773 793 2856 passi
831 2772 930 2836 verbo
964 2771 1152 2855 spondiaco,
1188 2776 1224 2836 ut
1260 2773 1346 2856 apud

194 2874 332 2960 Sappho
355 2877 488 2962 legitur:

458 3004 559 3087 ἔμμεν
584 2998 692 3088 ὤνηρ,
712 3003 716 3087 l
739 2997 829 3080 ὅστις
853 3002 1003 3079 ἐναντίος
1027 3027 1087 3068 τοι.

194 3125 245 3190 Et
267 3127 369 3192 multo
394 3128 501 3192 minus
524 3128 731 3213 posteriores.

278 3233 327 3326 'In
350 3236 535 3318 asclepiadeo
558 3237 676 3299 rainere
698 3233 855 3299 Horatius
884 3234 1045 3299 interdum
1075 3235 1179 3318 possit
1203 3234 1345 3299 secundo

197 3341 272 3404 loco
295 3340 428 3406 verbum
452 3341 644 3425 dactylicum
668 3344 704 3405 ut
726 3341 755 3426 Ι,
780 3342 813 3420 6,
840 3343 893 3406 17:

440 3487 500 3531 nos
524 3467 680 3551 convicta,
703 3486 759 3531 aas
782 3467 905 3549 proelia
928 3467 1098 3550 virginum.

135 3683 144 3696 .
197 3555 387 3674 Numquein
412 3588 543 3690 Seneca.

288 3695 385 3761 Plura
413 3697 452 3763 de
479 3702 656 3764 metrorum
687 3698 945 3782 logaoedicorum
968 3698 1128 3782 rhythmis
1159 3698 1247 3762 dicta
1270 3697 1299 3763 d.
1322 3720 1347 3764 r.

198 3823 241 3868 m.
265 3801 346 3887 aaa,
369 3802 420 3868 29.

770 3967 821 4032 24.

391 4097 442 4155 De
464 4098 566 4156 tmesi
588 4102 623 4156 et
645 3969 762 4156 enoliii
785 4091 827 4172 [d.
846 4113 871 4154 r.
890 4114 930 4157 m.
950 4090 1157 4171 als-372}

293 4213 340 4278 Ut
359 4217 444 4278 recte
463 4219 624 4280 statuatur
647 4216 685 4280 de
709 4215 834 4300 legibus
853 4237 1074 4318 numerorump
1095 4215 1147 4280 hic
1169 4237 1272 4299 pauca
1293 4217 1346 4282 ad·

196 4321 306 4386 denda
329 4322 366 4384 de
389 4323 475 4387 tmesi
497 4327 526 4386 et
546 4323 653 4388 caelisa'
674 4323 855 4387 verborum.

290 4419 412 4492 Tmeai
430 4432 577 4512 vocatur,
600 4429 728 4516 quando
751 4432 860 4514 partes
879 4428 1050 4513 compositi
1069 4429 1217 4494 vocabuli
1235 4429 1347 4495 dissol-
