3260 5292
640 431 758 486 CAPUT
777 431 797 484 Ι.
1251 429 1291 492 19

234 591 371 684 Dimetri
400 595 433 656 et
459 592 643 657 tetrametri
671 614 768 676 quam
797 569 869 658 raro
894 551 959 656 sirit
984 592 1118 657 adhibiti
1143 614 1162 655 a
1185 592 1293 656 dact·

138 697 214 762 licis
238 697 461 764 Romanorum
484 699 602 782 poetis,
626 699 808 784 expositum
831 701 881 763 est
905 697 933 762 d.
956 720 980 762 r.
1004 721 1044 762 m.
1072 699 1147 780 106,
1172 699 1199 760 7.
1242 697 1293 760 Ibi

141 805 243 869 etiarn
267 805 307 870 de
331 807 402 871 aliis
426 807 538 870 metris
562 806 776 888 anapaesticis
800 806 929 871 dictum.

325 1001 384 1066 ΙΙΙ.
415 1010 568 1066 Iambiaa
592 1001 633 1082 [d.
652 1023 676 1064 r.
696 1023 738 1066 m.
760 1003 836 1088 107,
861 1003 894 1087 83
922 1001 1095 1079 110-12]

170 1165 172 1172 ›
234 1125 259 1189 I.
292 1127 440 1189 trimeter
463 1125 530 1190 sive
555 1126 710 1190 senarius.
755 1126 835 1190 Eius
860 1129 910 1190 est
932 1125 1050 1207 triplex
1074 1123 1212 1206 species:

142 1515 255 1580 Prima
278 1515 329 1580 usi
352 1513 514 1597 Catullus,
545 1514 754 1599 Priapeorum
783 1518 943 1597 auctoreS,
980 1515 1133 1598 Veryitias
1154 1515 1188 1578 in
1207 1518 1293 1580 cata-

143 1622 255 1705 lectis,
278 1621 433 1687 Horatiis
451 1623 485 1686 in
505 1621 629 1705 epodis,
653 1621 792 1686 secunda
810 1620 928 1704 Varro,
948 1620 1110 1706 Catullus,
1133 1623 1294 1703 Horatius,

150 1728 305 1810 Vergilias
331 1728 366 1792 in
402 1729 582 1810 catalectis,
615 1727 789 1810 Martialis,
823 1728 939 1812 tragici
972 1729 1012 1792 ab
1046 1729 1187 1812 Augusti
1220 1729 1294 1793 inde
1371 1797 1379 1810 ,
1444 1761 1448 1770 ·

145 1837 269 1918 aetate,
293 1834 362 1917 alii,
386 1834 523 1919 denique
547 1835 715 1899 christiani
739 1839 854 1918 poetae
873 1836 971 1899 etiam
991 1835 1029 1898 ad
1052 1834 1209 1899 didactica
1228 1857 1294 1898 car·

146 1941 238 2004 mina
261 1943 293 2004 11
310 1940 460 2024 hymnos,
478 1941 576 2005 tertia
593 1941 745 2024 Lucilius,
764 1940 878 2024 Verre,
897 1941 1067 2025 Phaedrus,
1086 1942 1150 2006 alii.
1186 1940 1295 2004 Habet

147 2044 258 2110 autem
287 2047 434 2120 trimeter
456 2047 614 2112 iambicus
638 2069 791 2132 magnam
815 2049 879 2111 vim
904 2069 940 2111 ac
967 2048 1184 2127 velocitatem,
1212 2047 1295 2112 unde

146 2156 180 2215 11
206 2153 314 2217 satiris
339 2157 389 2217 est
412 2155 507 2236 aptus
531 2157 563 2217 et
586 2153 761 2218 comoediis
784 2153 1031 2238 tragoediisque.

237 2259 278 2326 ΙΙ.
309 2259 458 2323 trimeter
477 2281 592 2324 scazon
612 2262 678 2324 sive
697 2261 931 2344 hippouacteus
957 2261 999 2341 [d.
1022 2283 1046 2325 r.
1065 2283 1107 2324 m.
1129 2261 1203 2343 111,
1227 2261 1295 2340 lm:

507 2367 946 2431 ῦ-υ-ῡῙ-υ-υ1-1

145 2471 180 2536 Is
204 2472 345 2555 primum
369 2472 531 2538 adhibitus
556 2496 575 2538 a
597 2471 744 2538 Varrone
769 2476 801 2537 et
825 2471 953 2538 Catullo
982 2477 1015 2537 11
1043 2474 1075 2536 in
1098 2473 1295 2538 mimiambis

147 2601 168 2642 a
191 2576 308 2662 Matio,
331 2591 406 2644 mox
425 2581 466 2644 ab
486 2579 559 2644 aliis
580 2578 691 2642 multis
714 2602 814 2664 usquc
839 2579 878 2643 ad
901 2580 997 2644 finem
1023 2602 1104 2646 saec.
1122 2604 1153 2665 p,
1177 2577 1251 2645 Chr.
1271 2579 1296 2646 I.
1315 2651 1318 2659 ¹

237 2684 295 2750 ΠΙ.
327 2686 471 2750 trimeter
494 2684 700 2750 catalecticus

147 2897 199 2961 Eo
221 2883 345 2981 primus
369 2921 446 2963 usus
469 2899 636 2965 Horatius.
686 2897 856 2961 Invenitur
879 2901 987 2962 autem
1015 2919 1088 2961 raro
1113 2900 1145 2962 et
1169 2900 1295 2963 tantum

148 3026 207 3089 per
230 3007 415 3089 systemata.

239 3110 296 3176 IV.
324 3109 458 3175 dimeter
477 3110 786 3194 hypercatalecticus
802 3111 874 3176 sive
889 3111 1027 3176 alcaicus
1046 3112 1296 3196 enn'easyllabus

564 3216 774 3268 Q-v---

148 3305 212 3370 Hic
235 3307 349 3371 tertius
373 3310 422 3371 est
445 3328 555 3373 versus
579 3307 766 3390 systematis
790 3261 910 3371 alcaici.

240 3411 279 3477 V.
307 3411 441 3476 dimeter
559 3498 561 3503 Ι

580 3498 864 3552 ῦ-υ-Ψ-υ-

149 3587 210 3655 Vsi
234 3589 295 3655 hoc
318 3593 355 3654 ut
377 3589 531 3654 Horatius
557 3590 651 3654 multi
675 3590 768 3672 epodi
792 3591 896 3654 instar
919 3592 993 3673 post
1014 3590 1210 3671 trimetrum,
1242 3588 1296 3652 sed

150 3697 217 3779 alii,
237 3701 275 3761 ut
297 3696 434 3762 Laevius
458 3699 491 3759 et
513 3699 628 3779 poetae
652 3719 671 3760 a
695 3717 774 3761 saec.
793 3715 824 3779 p.
843 3694 916 3760 Chr.
941 3695 1048 3780 tertio,
1073 3695 1141 3760 solo
1166 3699 1198 3758 et
1221 3715 1296 3758 con-

148 3803 241 3868 tinuo
267 3801 309 3883 [d.
328 3825 352 3867 1.
371 3823 413 3866 m.
435 3802 521 3882 107}

240 3907 296 3973 Vl.
329 3908 464 3973 dimeter
487 3909 692 3975 catalecticus

147 4104 222 4170 Hoc
245 4105 369 4189 primus
394 4127 470 4170 usus
493 4103 675 4169 Petronius

239 4209 314 4276 Vll.
341 4214 529 4276 tetrameter
552 4211 758 4276 catalecticus

454 4315 997 4385 ῡ-υ-ῦ-υ-[ῦ-υ-υ-υ
1128 4349 1130 4354 ·

145 4427 208 4494 Vsi
233 4446 272 4489 eo
297 4423 404 4488 Varro
428 4427 461 4487 11
483 4421 629 4488 Catullus
654 4426 693 4504 [c.
716 4423 782 4504 25].
1070 4521 1085 4555 *

1048 4530 1063 4577 a
