3260 5292
610 441 728 496 curor
747 441 781 497 11.
1069 497 1078 512 ,
1231 445 1274 508 29

119 601 269 685 metrico,
288 603 343 687 qui
361 603 433 688 plus
456 625 552 688 quam
571 606 637 668 tres
657 603 778 668 habeat
796 604 951 690 dactylos,
970 608 1003 669 et
1021 627 1080 689 pro
1099 609 1275 690 anapaesto

114 707 240 792 ubique
263 712 302 772 ut
324 709 415 776 locus
439 709 483 774 sit
506 707 659 793 spondeo.

210 814 345 900 Quarta,
372 819 409 880 ut
432 816 466 880 in
489 817 634 882 versibus
658 817 889 902 anapaesticis,
916 817 1064 883 iambicis
1092 818 1273 903 trochaicis,

116 920 144 983 si
163 920 200 984 in
225 920 310 986 thesi
332 923 422 987 locus
446 924 489 988 sit
508 925 660 1008 spondeo
687 945 776 990 arses
795 923 923 1008 possint
947 924 1031 990 solvi
1048 928 1177 1009 praeter
1199 926 1272 990 ulti·

115 1049 215 1092 mam.
262 1027 301 1092 In
324 1029 471 1094 iambicis
494 1032 605 1096 tamen
628 1033 661 1094 et
683 1030 869 1115 trochaicis,
894 1053 957 1115 quo
980 1023 1031 1096 est
1053 1031 1182 1096 brevius
1207 1053 1271 1096 me-

67 1140 72 1148 '
115 1136 215 1219 trum,
240 1156 279 1200 eo
303 1136 407 1200 rarius
431 1136 513 1200 arsis
538 1137 679 1202 solvitur.
712 1209 715 1218 ¹
780 1159 783 1164 ·

209 1239 336 1320 Quinto,
359 1245 396 1306 ut
418 1243 453 1306 in
477 1244 621 1308 versibus
645 1243 791 1309 iambicis
816 1244 865 1309 vel
897 1244 1069 1310 trochaicis
1093 1257 1152 1328 pro
1177 1266 1271 1329 spon·

118 1347 178 1412 deo
198 1349 308 1413 locum
326 1349 426 1414 iambi
447 1349 498 1414 vel
518 1349 662 1415 trochaei
683 1345 849 1434 optinente
866 1350 971 1434 possit
984 1351 1061 1434 poni
1076 1354 1271 1434 anapaestus

117 1455 167 1518 vel
192 1454 349 1539 dactylus.
392 1456 455 1532 Qui
478 1460 588 1522 tamen
612 1479 685 1521 raro
706 1457 878 1522 admodum
904 1457 1119 1522 admittuntur
1138 1460 1271 1540 excepto

118 1559 244 1626 Seneca
266 1563 400 1647 tragico.
440 1563 479 1627 In
502 1563 698 1649 logaoedicis
723 1567 830 1630 autem
854 1565 965 1629 metris
990 1586 1028 1629 ca
1050 1563 1182 1644 licentia
1205 1585 1272 1626 non

117 1667 301 1734 adhibetur.

207 1775 316 1856 Secta,
344 1779 381 1841 ut
409 1778 442 1842 in
470 1778 533 1842 fine
561 1799 710 1842 versuum
738 1777 788 1840 vel
815 1780 882 1842 tres
911 1778 961 1842 vel
989 1779 1141 1861 quattuor
1164 1775 1270 1840 ultimi

119 1871 300 1966 semipedes
323 1882 535 1967 principalem
563 1884 793 1968 propriumque
823 1884 925 1969 rigide
948 1865 1140 1948 conservent
1161 1903 1270 1946 nume·

119 2009 199 2050 rum.
246 1985 283 2050 Id
312 2010 376 2073 quo
404 1987 530 2054 facilius
558 1990 662 2073 possit
689 1990 867 2073 observari,
896 1990 1009 2053 ultima
1036 1991 1070 2054 in
1094 1993 1196 2053 metro
1221 1992 1271 2052 est

120 2115 248 2179 anceps.

137 2285 139 2292 γ
207 2201 270 2266 His
295 2203 449 2287 expositis
473 2203 538 2268 iam
561 2203 600 2268 dc
624 2203 760 2288 singulis
784 2202 948 2268 videamus
972 2203 1094 2268 metris.

695 2398 743 2464 15.

280 2533 329 2588 De
353 2491 528 2602 dbotyllois
550 2402 705 2589 veranius
729 2523 772 2604 [d.
794 2546 820 2587 r.
844 2545 885 2588 m.
911 2523 1109 2604 140-146].

210 2665 337 2747 optima
358 2669 470 2748 species
491 2646 659 2732 larameri
682 2670 744 2750 est,
772 2666 799 2729 si
827 2668 893 2729 tres
922 2665 987 2730 sint
1013 2666 1048 2730 in
1072 2688 1109 2731 eo
1138 2666 1270 2751 dactyli,

120 2791 156 2835 ac
186 2772 324 2838 totidem
355 2775 503 2858 spondei,
530 2774 669 2840 maxime
698 2773 759 2856 ita,
787 2777 824 2836 ut
853 2773 950 2856 primi
978 2772 1041 2837 duo
1070 2772 1167 2857 pedes
1195 2795 1268 2836 cum

122 2878 236 2961 quinto
261 2880 327 2943 sint
350 2879 479 2963 dactyli,
501 2880 617 2963 reliqui
640 2879 784 2963 spondei,
807 2883 844 2942 ut
867 2879 953 2964 apud
976 2879 1170 2962 Vergilium:

228 3026 320 3068 arma
341 3003 511 3088 virumque
535 3025 632 3087 cano,
654 3003 769 3069 'l'roiae
794 3004 849 3088 qui
871 3004 994 3088 primus
1018 3004 1059 3066 ab
1084 3003 1181 3087 oria,

123 3127 171 3190 vel
195 3128 281 3214 apud
305 3127 468 3208 Ovidium:

274 3254 309 3319 in
332 3275 418 3317 nova
440 3252 504 3318 fert
526 3253 667 3338 animus,
690 3256 833 3318 mutatas
856 3252 960 3317 dicere
982 3251 1114 3328 formas.

208 3376 387 3464 Cavendum
405 3378 517 3462 utiquc,
539 3397 580 3442 ne
598 3377 695 3442 nimis
716 3378 809 3440 multi
829 3376 949 3460 dactyli
974 3379 1030 3439 aut
1053 3353 1186 3457 spondei
1207 3377 1271 3440 sint

123 3479 152 3544 iu
177 3487 296 3568 metro3
325 3484 482 3568 equibus
505 3482 541 3546 hi
570 3483 685 3548 durum
714 3485 812 3548 nimis
836 3487 869 3547 et
890 3469 1041 3566 tardum,
1062 3481 1110 3544 illi
1139 3482 1271 3545 mollem

123 3587 218 3654 nimis
240 3612 277 3655 ao
296 3592 399 3656 levem
417 3589 556 3656 reddunt
574 3612 752 3654 numerum.
794 3589 932 3654 Romani
951 3591 1060 3651 tamen
1073 3609 1134 3670 pro
1152 3593 1269 3652 natiue

124 3693 247 3778 linquae
264 3698 399 3763 Latinae
421 3699 454 3766 in
473 3698 668 3762 hexametris
688 3695 951 3788 aliisquemetris
973 3695 1139 3778 dactylicis
1164 3696 1267 3759 multo

123 3803 229 3882 plures
254 3805 428 3870 admittunt
451 3805 611 3888 spondeos
635 3826 730 3888 quam
755 3803 877 3868 Gracci.

209 3911 366 3996 Egregie,
389 3913 426 3974 ut
448 3911 513 3975 iam
536 3910 725 3994 memoravi,
752 3909 854 3974 utitur
882 3909 1034 3991 Verqilius
1060 3930 1265 3972 numerorum

126 4017 279 4083 vafietate
302 4040 375 4082 cum
395 4018 473 4082 alibi
496 4021 566 4082 tum
589 4018 609 4081 l.
628 4016 644 4080 I
668 4017 748 4082 Aen.
770 3997 806 4080 in
825 4015 1042 4100 descriptione
1066 4017 1267 4099 tempestatis

126 4121 284 4208 [81-913
311 4120 507 4218 roa-7123}

211 4234 324 4313 Quinto
347 4233 410 4297 loco
437 4253 511 4296 raro
540 4231 672 4314 ponitur
695 4230 865 4314 spondeus.
911 4229 1004 4306 Quod
1028 4229 1056 4294 si
1079 4228 1128 4312 fit,
1156 4249 1266 4292 versus

126 4343 256 4404 vocatur
278 4340 474 4421 spondebam.
519 4337 569 4402 Εο
593 4359 650 4422 per
673 4337 887 4402 imitationem
910 4335 1202 4400 Alexandrinorum
1226 4335 1266 4398 ad

127 4444 304 4510 ornandum
323 4465 453 4510 carmen
477 4466 542 4508 non
565 4445 611 4508 ita
634 4465 707 4508 raro
732 4444 781 4506 usi
801 4421 957 4528 Catullus,
980 4443 1118 4506 maxime
1137 4441 1265 4526 quidem
