3260 5292
366 427 410 489 48
837 415 965 482 ‘CAPUT
983 427 1031 483 ΙΙΙ.

368 593 487 654 vantur
512 589 547 652 in
578 587 641 652 duo
670 589 842 668 vocabula,
869 591 992 655 actua
1018 589 1152 674 quando·
1177 589 1240 654 duo
1267 591 1431 654 vocabula
1462 590 1521 653 sub

366 717 466 760 uuum
487 698 605 759 coeunt
627 699 804 790 accentum.

455 801 564 866 Tmesi
587 801 667 866 satis
690 801 799 886 inepte
821 801 949 868 Ennius
972 825 1050 868 usus
1076 805 1137 868 ita:

693 949 771 991 saxo
794 948 857 991 core
879 928 1069 993 comminuit
1091 929 1181 992 trum

365 1074 423 1135 pro
450 1072 527 1116 saxo
553 1051 707 1116 cerebrum
732 1053 921 1118 comminuit.
970 1053 1016 1118 Et
1041 1053 1104 1116 hoc
1131 1053 1261 1136 quidem
1282 1051 1350 1135 ille,
1379 1056 1420 1116 ut
1446 1053 1521 1136 alia,

364 1181 403 1222 ex
426 1180 579 1242 perversa
600 1156 766 1222 Homerici
789 1159 942 1223 carminis
969 1158 1070 1223 traxit
1096 1159 1287 1222 imitatione.
1332 1157 1447 1222 Minus
1471 1160 1519 1222 in-

365 1265 532 1350 eleganter
550 1263 632 1328 dixit
649 1263 818 1329 Lucretius
838 1264 896 1340 IV,
915 1265 957 1329 28
980 1267 1071 1330 ordia
1085 1266 1192 1347 mima
1210 1285 1269 1348 pro
1281 1265 1469 1346 priumrdio
1489 1269 1520 1328 et

363 1371 426 1454 vl,
449 1371 530 1454 2333
554 1371 619 1435 962
637 1393 766 1454 rareque
786 1373 876 1455 sumt,
896 1371 975 1452 facit
996 1393 1063 1456 arc,
1087 1369 1200 1436 Cicero
1218 1371 1395 1435 Phaenom.
1420 1373 1519 1456 frgm.

365 1479 386 1542 5
417 1484 529 1560 septem
560 1479 645 1542 soliti
670 1479 801 1542 vocitare
834 1479 959 1561 trioucs,
991 1500 1054 1562 quo
1084 1479 1252 1562 aliquanto
1280 1477 1439 1542 audacius
1470 1482 1518 1542 est

369 1585 498 1666 Vcryiiii
519 1583 599 1648 illud
623 1605 732 1670 georg.
755 1583 818 1668 111,
846 1585 909 1649 381
938 1591 1049 1669 septam
1075 1585 1208 1650 abacta
1235 1585 1331 1648 trioni
1358 1607 1421 1668 pro
1446 1585 1516 1649 sicb-

362 1692 440 1754 iecto
452 1691 668 1775 septemtrioai,
682 1691 768 1775 quod
782 1695 892 1755 tamen
905 1691 1051 1755 imitatus
1067 1695 1117 1756 est
1127 1691 1256 1756 Ouidius
1270 1694 1401 1755 metam.
1414 1691 1443 1774 Ι,
1458 1693 1515 1755 64:

598 1805 601 1812 ¹
674 1813 841 1899 Scythiam
863 1821 1031 1900 septemque
1054 1817 1192 1881 triortcm.

452 1958 599 2042 Denique
626 1958 819 2041 pronomina
846 1963 879 2022 et
906 1959 1072 2040 adverbia,
1099 1959 1217 2042 quibus
1246 1952 1401 2021 adhaeret
1433 1957 1513 2022 illud

362 2086 489 2146 mmoue
511 2086 606 2148 saepe
631 2064 822 2130 diducuntur
844 2065 878 2128 in
900 2069 1023 2148 partes,
1045 2068 1083 2128 ut
1105 2065 1191 2148 apud
1214 2065 1403 2130 Horatium:

629 2210 718 2270 quau
741 2210 811 2253 sors
834 2187 957 2254 dicrum
979 2209 1107 2271 aruaque
1129 2189 1232 2271 dabit;

294 2409 298 2414 ι
364 2331 450 2416 quod
472 2351 513 2394 ne
536 2331 571 2394 in
593 2353 690 2414 prosa
713 2331 840 2416 quidem
863 2331 1053 2395 inauditum.

450 2437 583 2502 Praeter
610 2437 689 2502 haec
717 2439 864 2522 exempla
890 2439 1003 2502 tmesis
1030 2437 1117 2502 haud
1145 2439 1241 2531 dubie
1270 2439 1457 2503 admittitur
1478 2439 1511 2502 in

361 2545 657 2628 praepositionibus
681 2543 865 2628 disyllabis,
893 2550 1031 2631 quaeat
1059 2567 1117 2628 per
1140 2567 1173 2610 se
1197 2550 1335 2628 possunt
1359 2550 1509 2610 constare

362 2652 587 2716 adverbiorum
610 2651 706 2716 modo
729 2655 766 2714 ut
789 2650 874 2735 apud
891 2650 1063 2716 Horatium
1087 2652 1193 2736 [epist
1214 2651 1260 2734 ΙΙ,
1279 2653 1314 2736 2,
1337 2653 1394 2736 93,
1413 2654 1466 2734 4]:

1017 2797 1133 2841 carcium

524 2886 704 2967 spectemus
728 2905 863 2947 vacuam
886 2881 1044 2947 Romanis
1067 2884 1196 2948 vatibus
1220 2883 1341 2950 aedem.

452 3024 575 3090 Verum
599 3047 699 3110 usque
723 3024 764 3088 ad
788 3023 933 3089 Ouc'ctium
958 3029 1073 3108 poetae
1095 3025 1205 3090 Latini
1229 3027 1326 3090 etiam
1348 3027 1431 3090 tales
1456 3025 1507 3090 ad·

364 3133 480 3196 misere
511 3135 630 3196 tmeses
662 3133 697 3196 in
724 3133 1031 3218 praepositionibus,
1064 3153 1145 3218 quae
1171 3153 1229 3216 per
1259 3155 1293 3197 se
1326 3137 1411 3198 stare
1444 3153 1507 3196 non

364 3242 502 3322 possunt
529 3238 641 3321 (etiam
673 3240 707 3302 iu
739 3241 786 3304 eis
818 3262 899 3324 quae
927 3240 1058 3304 omniuo
1090 3261 1148 3323 per
1175 3261 1209 3302 se
1239 3241 1305 3304 nou
1335 3235 1508 3322 constant),

363 3351 400 3408 ut
432 3346 516 3428 apud
548 3344 691 3409 Ennium
725 3351 775 3410 est
806 3347 842 3409 dc
874 3367 920 3410 mc
950 3347 1104 3424 hortatur,
1131 3347 1224 3428 deque
1251 3347 1391 3428 amau,
1424 3344 1507 3430 apud

363 3451 520 3516 Lucilium
549 3453 641 3534 deque
668 3453 783 3535 dicata,
810 3454 904 3534 daque
924 3455 1038 3536 petipo.
1086 3452 1139 3516 Ita
1166 3453 1295 3536 saepius
1325 3451 1506 3516 Lucretius:

365 3562 399 3622 at
420 3562 470 3622 ter
498 3559 650 3640 Vcrpitius
673 3560 744 3639 [ecl.
768 3560 801 3641 8,
827 3561 880 3644 173
905 3581 973 3624 aen.
997 3559 1058 3644 IX,
1081 3561 1161 3644 2883
1190 3559 1237 3643 X,
1266 3549 1401 3643 2881et
1422 3558 1507 3622 hunc

365 3670 493 3729 secutus
517 3667 616 3730 semel
636 3664 764 3730 Ouidius
788 3665 1138 3749 [1necam.xll‚497];
1175 3664 1347 3732 Praeterea
1364 3664 1507 3729 notanda
1530 3663 1537 3678 ⁸

365 3772 448 3854 apud
468 3771 652 3837 Lucretium
675 3773 756 3838 hacc
780 3773 856 3857 [ΙΙΙ,
880 3775 960 3857 8583
982 3771 1044 3856 IV,
1068 3773 1163 3852 829];
1187 3773 1267 3836 iuter
1287 3772 1373 3835 cuim
1395 3773 1507 3852 iectast,

364 3879 445 3940 iuter
468 3899 686 3963 quaecumque
703 3885 878 3962 pretuutur.

453 3985 554 4048 Aliud
581 4007 678 4067 peuces
708 3987 746 4050 fit
778 3988 881 4051 tmesis
912 3986 972 4070 ita,
1004 3989 1041 4049 ut
1068 4007 1143 4069 pars
1171 3985 1259 4068 prior
1287 3984 1459 4068 compositi
1488 4004 1507 4045 a

365 4091 543 4174 posteriore
567 4096 698 4186 propter
716 4094 857 4158 rationes
876 4093 1026 4157 metricas
1049 4092 1111 4156 hoc
1132 4095 1182 4156 est
1204 4094 1335 4174 propter
1357 4110 1504 4155 caesurae

364 4198 452 4280 leges
476 4202 532 4262 aut
553 4202 685 4282 propter
708 4199 935 4284 rhythmorum
959 4203 1016 4263 aut
1038 4202 1170 4282 propter
1193 4197 1337 4262 elisionis
1361 4198 1504 4268 modulos

365 4301 546 4383 diducatur,
570 4307 669 4370 veluti
692 4307 726 4370 in
749 4307 880 4372 Horatii
902 4307 982 4372 artis
1005 4306 1151 4389 poeticae
1175 4328 1202 4370 v.
1226 4305 1307 4369 263:
1343 4367 1348 4374 .

507 4451 574 4493 nou
597 4431 702 4516 quivis
726 4431 812 4496 videt
835 4428 1046 4520 iutmodulata
1073 4432 1224 4515 poemata
1246 4411 1355 4512 iudex5
