3260 5292
348 473 389 536 18
842 471 999 528 CAPUTI.

345 634 379 698 in
402 633 598 699 carminibus
621 634 838 718 brevioribus,
865 635 1030 698 rarissime
1058 637 1168 698 tamen
1192 633 1226 696 in
1249 632 1504 717 epigrammatis
1617 659 1618 738 p

348 739 401 820 [cf.
424 739 584 806 Martialis
607 742 707 826 epigr.
731 740 793 825 VI,
816 742 888 821 65].'
933 741 972 805 In
1001 741 1170 826 tragoedia
1196 762 1274 805 usus
1303 740 1365 805 hoc
1388 744 1503 804 metro

347 845 468 911 Seneca
487 839 609 932 'partim
627 849 663 912 in
682 847 819 912 choricis
839 848 879 912 ad
898 847 1060 912 canendas
1078 848 1189 911 laudes
1208 846 1351 929 deorum,
1373 846 1503 929 partim
1616 845 1618 850 ’

346 953 379 1018 iu
403 953 533 1040 dialogo
557 954 597 1018 ad
621 955 823 1019 referendum
847 955 1012 1018 oraculum
1037 954 1080 1034 [d.
1102 977 1127 1018 r.
1150 976 1192 1018 m.
1218 954 1303 1033 105}

434 1059 483 1124 De
506 1060 694 1126 hexametro
718 1082 834 1144 myuro
857 1060 978 1124 dictum
1001 1060 1029 1125 d.
1053 1082 1078 1124 r.
1101 1083 1142 1123 m.
1169 1059 1232 1122 110
1255 1081 1301 1142 sq.
1339 1081 1342 1090 ’

434 1166 476 1231 ΙΙ.
507 1171 710 1251 pentameter

233 1438 236 1442 ,
344 1377 407 1442 Hic
434 1380 562 1464 quando
591 1381 720 1446 additur
747 1382 949 1463 hexametro,
984 1381 1087 1446 oritur
1116 1381 1292 1463 distichon,
1325 1379 1409 1465 quod
1443 1380 1502 1444 ad·

343 1484 473 1548 hibetur
492 1486 605 1572 elegiis
625 1487 803 1554 scribendis
823 1491 855 1552 et
874 1487 1131 1572 epigrammata,
1155 1486 1253 1550 etiam
1274 1485 1315 1548 ad
1334 1485 1501 1549 didactica

345 1591 502 1675 carmina,
525 1595 562 1655 ut
589 1615 608 1655 a
630 1592 799 1678 Propertio
823 1595 856 1658 iu
880 1592 910 1658 V
933 1594 1027 1678 libro,
1051 1594 1092 1658 ab
1117 1591 1226 1657 Ouidio
1249 1592 1283 1656 in
1305 1591 1407 1655 fastis

433 1696 491 1762 ΙΙΙ.
523 1701 712 1764 tetrameter

729 1806 1096 1872 -ω-ω-Ιω-ω

344 1910 526 1975 Adhibetur
549 1909 590 1972 ab
609 1909 744 1975 Horatio
767 1913 801 1976 in
824 1916 917 1996 parte
940 1933 1050 1976 versus
1074 1908 1273 1974 Archilochii
1296 1911 1439 1994 maioris,
1466 1915 1500 1974 et

343 2039 362 2082 a
387 2016 508 2082 Seneca
531 2018 563 2079 et
586 2014 766 2101 Pomponio
789 2019 923 2104 tragicis
947 2018 1147 2104 singillatim.

432 2121 488 2188 IV.
520 2126 708 2188 tetrameter
731 2125 936 2190 catalecticus

751 2247 1073 2283 -OE-W-w-u

431 2333 471 2400 V.
503 2335 649 2400 trimeter
672 2337 878 2412 catalecticus

813 2467 1009 2494 ..W-W-

430 2545 487 2613 VI.
519 2547 657 2614 dimeter
680 2550 887 2616 catalecticus
912 2552 978 2616 sive
1001 2559 1111 2616 versus
1136 2551 1271 2617 adonius

839 2701 856 2708 ..
874 2681 911 2707 W
933 2701 950 2708 ..
968 2682 987 2707 υ

341 2759 463 2825 Versus
482 2760 668 2828 hexametro
688 2764 830 2829 minores
849 2765 890 2830 ab
910 2765 1095 2830 auctoribus
1115 2765 1247 2849 optimis
1261 2764 1314 2828 vix
1335 2763 1494 2829 adhiben-

341 2871 394 2931 tur
417 2867 480 2931 nisi
504 2867 605 2933 iuncti
629 2891 701 2934 cum
725 2869 798 2934 aliis
820 2892 878 2954 per
902 2875 1088 2956 systemata.

587 3079 629 3146 H.
661 3091 884 3162 Anapaestioa
911 3085 954 3164 [d.
973 3107 996 3150 r.
1017 3107 1059 3151 m.
1081 3086 1242 3165 loc-7}

431 3204 456 3270 Ι.
488 3206 681 3270 monometri

831 3309 992 3346 OE-OE-

342 3397 403 3462 His
431 3400 480 3463 usi
513 3399 547 3464 in
575 3400 712 3465 choricis
740 3403 857 3488 tragici
887 3404 1037 3489 Augusto
1066 3406 1216 3489 aequales
1244 3408 1277 3468 et
1300 3402 1422 3469 Seneca
1447 3403 1492 3484 [d.

343 3527 367 3568 r.
391 3527 432 3570 m.
459 3506 544 3587 106}
590 3504 774 3591 Synaphiae
797 3510 869 3595 lege
892 3532 958 3574 non
980 3514 1141 3576 tenentur.

433 3610 474 3676 ΙΙ.
507 3612 637 3677 dimetri

740 3735 1078 3774 OE-OE-W-OE-

431 3822 489 3889 III.
522 3825 648 3890 dimetri
672 3799 851 3892 catalectici
875 3830 942 3894 sive
965 3831 1159 3913 paroemiaci

430 4033 474 4098 Hi
493 4035 534 4099 ab
554 4037 739 4103 auctoribus
759 4060 859 4124 usque
879 4040 918 4103 ad
943 4027 1023 4106 saec.
1043 4065 1072 4125 p.
1092 4041 1165 4108 Ohr.
1185 4044 1359 4108 secundum
1376 4031 1490 4110 ¹solent

340 4141 416 4224 poni
443 4144 572 4205 tantum
599 4142 634 4206 in
660 4143 724 4207 fine
757 4147 939 4229 systematis
968 4149 1168 4232 anapaestici
1196 4173 1234 4214 ex
1263 4151 1409 4214 dimetris
1441 4153 1490 4215 iu-

340 4242 442 4331 tegris
466 4250 657 4314 constantis.

429 4353 486 4420 IV.
517 4356 697 4456 tetrametri
721 4359 898 4424 catalectici
922 4361 989 4426 sive
1013 4360 1242 4444 Aristophanei

536 4485 1245 4549 ¹W.W.W.w-lw.OE.W.u
