3260 5292
641 427 761 484 cAPUn
779 427 827 482 ΙΙΙ.
948 461 953 470 «

293 594 364 656 tum
387 591 496 656 variae
519 590 660 655 illudunt
682 593 798 675 pestes.
822 611 917 676 saepe
940 591 1068 675 cogam
1090 609 1174 668 mara·

140 713 247 797 quod
270 715 416 781 imitatus
441 719 491 780 est
513 713 726 780 Horatius‘in
749 718 817 780 arte
841 715 968 799 poetica
991 737 1019 781 v.
1046 715 1121 780 139:

290 840 475 924 parturiunt
497 843 638 924 montes,
661 843 812 906 nascetur
833 840 984 905 ridiculus
1006 861 1083 904 mres.

144 961 282 1027 Poetae
300 965 503 1048 posteriores,
527 965 624 1029 etiam
644 964 735 1048 epici,
759 963 931 1028 admodum
955 985 1029 1028 raro
1047 965 1307 1050 monosyllabum

145 1070 189 1134 in
218 1070 283 1134 fine
303 1092 412 1136 versus
434 1071 646 1156 praecedente
669 1071 741 1158 plus
761 1091 856 1156 quam
876 1069 1099 1154 monosyllabo
1119 1071 1308 1156 admittunt,

146 1176 196 1240 ef.
219 1177 248 1241 d.
268 1199 292 1242 r.
311 1199 352 1242 m.
371 1178 445 1244 221.

251 1284 290 1347 In
313 1284 425 1369 quinto
449 1285 528 1368 pede
557 1285 685 1369 regulas
708 1284 835 1350 numeri
858 1285 948 1348 eirea·
963 1286 1072 1350 centies
1093 1287 1183 1351 einim
1210 1286 1306 1352 laesit

157 1389 327 1470 Verpib'ua
352 1389 480 1456 Orre'dc'm
498 1393 632 1476 artoptae,
654 1391 851 1476 posteriores
874 1391 977 1456 multo
998 1392 1111 1458 rarius.
1155 1374 1307 1474 Very'e‘ltus

148 1495 323 1560 interdum
350 1497 452 1562 violat
478 1498 584 1582 legem
608 1520 680 1562 cnm
709 1501 796 1563 certo
820 1497 967 1581 consilio,
995 1499 1094 1563 veluti
1123 1498 1162 1562 ad
1191 1493 1306 1563 descri-

151 1602 283 1666 bendas
307 1625 359 1668 res
382 1603 540 1669 deformes
564 1607 601 1668 ut
623 1625 691 1668 aen.
714 1601 770 1689 IX,
793 1603 871 1688 4753
896 1601 952 1681 IV,
976 1603 1054 1668 215:

342 1729 425 1794 eruit
447 1728 560 1793 infelix
583 1731 616 1792 et
636 1728 768 1808 femineo
791 1727 922 1792 ululata.

343 1839 376 1898 et
398 1857 482 1900 nunc
504 1836 558 1902 ille
580 1834 673 1898 Paris
697 1855 769 1899 cum
792 1835 934 1899 semiviro
956 1835 1080 1898 comitet
1102 1885 1108 1897 .

152 1937 344 2045 ¹Spondeum
373 1961 406 2024 in
434 1959 547 2044 quinto
570 1958 640 2023 loco
669 1958 763 2023 multi
790 1961 905 2042 poetae
928 1958 975 2022 ita
997 1961 1125 2026 tantum
1150 1959 1307 2024 admisere

151 2069 194 2128 ut
221 2087 328 2130 versus
352 2064 564 2148 tetrasyllabo
583 2064 735 2147 finiretur,
758 2068 795 2129 ut
812 2063 976 2149 Horatius,
995 2063 1190 2150 Propertius,
1213 2066 1305 2152 isque
1424 2073 1430 2086 '

153 2171 259 2236 etiam
287 2171 373 2256 apud
393 2171 545 2255 reliquos
579 2193 649 2236 mos
682 2171 744 2236 fuit
775 2171 872 2258 longe
904 2172 1188 2257 frequentissimus.
1239 2171 1307 2236 Alii

153 2277 259 2355 etiam
282 2278 450 2362 trisyllaba
474 2277 661 2362 adhibuere,
685 2278 740 2343 sed
764 2282 800 2344 ut
823 2279 1027 2363 praecederet
1049 2279 1194 2362 verbum,
1222 2278 1308 2364 quod
1413 2317 1420 2324 ·

152 2384 384 2449 choriambum
417 2384 527 2468 utique
559 2385 723 2467 impleret,
759 2388 793 2448 ut
822 2384 957 2452 Ouidius.
1009 2386 1075 2450 Alii
1104 2385 1239 2470 denique
1271 2388 1308 2448 ut

153 2489 309 2555 Catullus
346 2494 378 2554 et
419 2490 573 2572 Vergilias
608 2491 778 2574 trisyllaba
814 2491 1023 2576 praecedente
1061 2491 1219 2576 disyllabo
1257 2492 1308 2556 vel

152 2597 400 2682 monosyllab03
420 2597 475 2662 sed
498 2596 561 2662 hoc
583 2601 619 2662 ut
638 2601 723 2664 esset
741 2597 952 2664 rarissimum.
984 2599 1033 2663 De
1058 2598 1191 2680 Verqilio
1210 2598 1307 2662 etiam

102 2783 112 2796 ι
153 2725 261 2786 supra
283 2703 413 2767 dictum.
459 2701 527 2769 Oct.
546 2703 585 2768 cf.
606 2704 634 2768 d.
654 2727 679 2768 r.
698 2727 738 2770 m.
758 2691 921 2770 'aua-24.

250 2809 290 2875 In
310 2812 498 2894 pentametri
525 2810 606 2894 pede
634 2797 772 2902 seeundo
799 2815 928 2895 praeter
942 2803 1117 2876 ¹Catullum
1145 2832 1240 2875 nemo
1269 2833 1307 2875 ex

151 2917 265 3002 poetis
284 2939 385 3002 usque
404 2917 561 2982 adfinem
580 2918 699 2986 saeculi
713 2940 743 3001 p.
759 2916 832 2983 (lhr.
851 2917 947 3001 primi
967 2917 1096 2982 admisit
1114 2918 1307 2982 vocabulum

154 3023 370 3110 dactylicum,
392 3023 516 3088 nedum
535 3025 752 3108 spondiacum.

251 3128 415 3196 Secundae
433 3131 535 3214 partis
554 3130 629 3195 finis
649 3129 889 3215 elegantissime
909 3131 978 3196 fieri
997 3133 1129 3214 putatur
1147 3131 1306 3196 vocabulo

152 3235 321 3319 disyllabo
345 3237 554 3321 praecedente
577 3237 743 3302 trochaico
767 3241 815 3302 nt:

382 3345 436 3410 vix
459 3343 606 3408 Priamus
629 3344 715 3409 tanti
739 3347 872 3428 totaque
898 3345 994 3408 Troia
1014 3344 1086 3425 fait.

152 3467 273 3552 Itaque
307 3467 435 3533 Ouidius
469 3469 503 3532 in
540 3468 736 3533 carminibus
774 3469 924 3554 elegiacis
945 3473 1038 3536 .ante
1071 3468 1203 3532 exilium
1234 3491 1307 3534 con-

154 3573 289 3658 scriptis
323 3597 461 3659 semper3
492 3597 552 3640 nec
584 3575 677 3640 aliter
709 3575 800 3639 nucis
829 3579 949 3640 auctor.
999 3575 1049 3639 Ex
1082 3576 1138 3640 illo
1173 3580 1308 3659 apparet

156 3681 318 3766 quasdam
334 3679 504 3774 heroidum
524 3704 605 3768 quae
624 3683 683 3746 sub
704 3682 771 3746 cius
790 3683 921 3747 nomine
939 3683 1085 3748 feruntur
1104 3681 1207 3766 [XIV‚
1220 3680 1307 3764 XVI,

155 3785 270 3870 XVII,
294 3787 399 3870 XIX]‚
431 3790 499 3854 eius
527 3811 593 3854 non
621 3810 703 3872 esse,
735 3789 852 3872 quippe
875 3789 908 3852 in
936 3789 1052 3872 quibus
1085 3789 1148 3852 ista
1164 3788 1232 3878 ¹len
1265 3789 1307 3851 sit

155 3896 258 3959 laesa.
303 3895 343 3959 In
366 3895 478 3980 elegiis
501 3899 576 3980 post
598 3895 710 3980 fugam
734 3893 920 3979 compositis
945 3895 1071 3959 circiter
1095 3894 1306 3979 quinquagies

156 3999 293 4070 admisit
314 4001 482 4085 trisyllaba
505 4002 555 4066 vel
578 4001 728 4087 longiora
750 4002 907 4068 vocabula
930 4001 965 4066 in
988 4003 1051 4065 fine
1074 4001 1277 4085 pentametri.

251 4105 399 4172 Tibullus
427 4111 460 4173 et
491 4109 525 4172 in
553 4107 643 4174 libris
672 4107 720 4173 IV
750 4111 783 4172 et
809 4105 840 4172 V
872 4107 1057 4194 Propertius
1088 4111 1120 4171 et
1147 4105 1307 4172 Martialis

155 4215 348 4300 plerumque
376 4218 512 4280 utuntur
540 4215 700 4300 disyllabo
723 4216 801 4300 fine,
833 4215 888 4279 sed
916 4216 1087 4301 aliquando
1112 4215 1208 4279 etiam
1236 4215 1306 4297 plu-

155 4321 245 4387 rium
279 4321 486 4404 syllabarum.
542 4321 663 4388 Contra
695 4320 841 4386 Catullus
875 4325 908 4387 et
942 4323 977 4386 in
1008 4322 1112 4386 tribus
1144 4321 1305 4405 prioribus

156 4428 254 4494 libris
266 4427 452 4512 Propertius
468 4451 562 4514 saepe
578 4429 753 4495 admittunt
766 4430 838 4513 plus
853 4452 949 4515 quam
964 4429 1130 4514 disyllaba.
1154 4427 1306 4493 Omnium
