3260 5292
670 448 789 504 amur
808 451 840 504 u.
1279 435 1322 511 33

163 609 320 674 omniurn
340 609 502 676 rarissime
522 613 556 676 in
574 613 783 696 paenultima,
807 613 846 676 in·
860 612 922 677 hoc
941 611 1069 696 quidem
1089 609 1226 674 maxime
1250 630 1322 673 cum

165 718 253 779 sunt
276 717 374 781 verba
398 721 553 802 quattuor
575 722 632 783 aut
654 720 795 804 plurium
821 717 1018 803 syllabarum
1043 721 1091 780 ut:
1145 719 1148 726 '

401 841 519 908 habere
542 843 664 929 poterit
687 844 808 929 aliquid
822 844 937 928 ,operis
961 843 1086 907 residui.

266 965 308 1030 Ia
330 965 526 1049 hiyrponacteo
548 971 659 1033 tamen
683 971 787 1034 metro
815 967 1014 1052 paenultima
1038 965 1119 1030 arsis
1146 987 1321 1050 numquam

166 1071 323 1138 solvitur.
350 1127 355 1136 .
566 1077 569 1082 '

265 1177 555 1246 Proaeleasmatiaas
587 1181 747 1246 interdum
782 1181 816 1245 in
849 1181 954 1264 primo
987 1179 1065 1263 pede
1099 1179 1270 1244 adhibetur
1304 1201 1324 1242 a

169 1283 307 1350 Seneca.
738 1297 741 1305 ‘
991 1291 996 1301 ‘
1392 1283 1397 1290 ’

235 1413 238 1420 ’
266 1391 363 1458 Plura
385 1395 424 1459 de
448 1397 554 1462 soluta
577 1395 759 1460 iamborum
784 1393 848 1459 arsi
873 1394 1019 1478 exposita
1042 1394 1070 1458 d.
1093 1415 1118 1458 r.
1142 1415 1183 1456 m.
1211 1391 1323 1456 154—

172 1499 253 1565 158.
297 1500 346 1565 De
369 1501 500 1567 Horatii
524 1525 583 1567 usu
607 1503 727 1566 dictum
751 1521 804 1586 pg.
829 1499 917 1564 LXX
941 1501 987 1565 ed.
1011 1522 1042 1564 n.

265 1606 428 1675 Phaedrus
443 1612 475 1673 et
492 1609 560 1694 ipse
581 1611 616 1674 in
635 1607 789 1674 rolvenda
808 1607 872 1672 arsi
891 1607 992 1671 utitur
1010 1607 1135 1691 legibus
1151 1607 1324 1671 admodum

143 1715 303 1780 -severia
358 1715 466 1800 Atque
495 1715 574 1781 adeo
599 1716 633 1780 in
662 1715 766 1799 primo
790 1717 823 1778 et
846 1715 959 1798 quinto
986 1713 1066 1797 pede
1090 1714 1222 1778 omnino
1251 1712 1323 1778 abs·

166 1820 259 1885 tinet
281 1843 301 1885 a
327 1821 501 1888 tribracho.
548 1821 719 1888 Praeterea
741 1842 917 1905 numquam
941 1818 1037 1905 ponit
1065 1819 1098 1882 in
1121 1820 1187 1886 ictu
1213 1820 1324 1904 dacty-

167 1926 310 1992 lioorum
325 1928 391 1993 sive
410 1928 676 1996 tribrachicorum
694 1927 923 1993 vocabulorum
938 1927 1045 1990 finem.
1073 1924 1104 1990 N
1107 1949 1148 1992 on
1167 1927 1214 1992 ita
1228 1949 1323 2011 saepe

168 2032 260 2096 idem
297 2035 399 2100 voluit
435 2036 523 2100 arsin
561 2035 702 2101 solutam
735 2037 882 2100 constare
919 2033 1077 2098 vocabulo
1113 2033 1324 2116 pyrrichium,

42 2161 51 2168 ·
169 2143 210 2204 et
231 2141 337 2206 minus
356 2141 454 2206 etiam
478 2141 602 2206 divellit
619 2163 696 2206 cam
715 2139 839 2205 duobus
863 2139 1037 2246 vocabulis,
1059 2141 1106 2204 ita
1125 2140 1262 2224 quidem,
1287 2144 1325 2204 ut

169 2246 266 2332 prius
290 2271 416 2332 semper
439 2237 482 2314 alt
505 2248 777 2332 monosyllabum:

170 2363 173 2372 ’
328 2377 361 2437 et
382 2367 487 2466 rapiet
510 2373 550 2438 ad
575 2393 618 2458 se,
641 2373 722 2454 qaod
743 2371 802 2436 crit
825 2391 995 2435 commune
1019 2369 1173 2436 omnium.

164 2493 214 2579 ln
244 2513 357 2596 quinto
385 2514 465 2597 pede
496 2515 583 2604 arsin
610 2536 676 2579 non
704 2513 801 2578 solvit
829 2515 955 2596 praeter
978 2511 1058 2575 duos
1082 2534 1192 2577 versus
1218 2511 1271 2597 [V,
1296 2514 1325 2597 7,

170 2619 233 2703 223
254 2620 389 2704 append.
409 2621 438 2704 9,
458 2621 502 2704 dl,
525 2621 588 2687 nisi
608 2620 736 2706 quando
756 2617 908 2682 ultimum
928 2618 1059 2682 verbum
1082 2623 1131 2683 est
1154 2619 1324 2683 minimum

170 2729 330 2811 quattuor
353 2727 560 2812 syllabarum.

264 2831 571 2899 Proccteasmaticara
595 2833 692 2899 etiam
715 2835 750 2900 in
772 2833 877 2916 primo
901 2831 1044 2896 admittit
1067 2833 1155 2916 pede.

266 2937 333 3004 Oet.
352 2939 392 3004 cf.
411 2960 464 3025 pg.
488 2939 527 3024 X,
550 2938 597 3004 Χ]
620 2940 777 3024 prooemii
801 2939 848 3004 ed.
872 2938 946 3003 mai.

267 3043 426 3110 'Primcter
449 3047 654 3112 catalecticus

562 3165 938 3206 ῦ.υ.ῦ-υ.υ-υ

171 3261 388 3348 anapaestum
411 3281 478 3324 non
502 3260 646 3326 admittit
669 3265 702 3326 et
724 3257 888 3324 rarissime
913 3257 1053 3324 solutam
1077 3260 1173 3326 arsin:

267 3365 310 3431 Ia
338 3366 497 3430 trochaicis
528 3367 634 3431 metris
660 3367 763 3430 isdem
790 3365 969 3430 rationibus
998 3364 1213 3430 admittuntur
1245 3365 1325 3430 locis

144 3469 150 3480 ’
172 3471 310 3557 paribus
335 3473 468 3558 spondei
492 3474 542 3538 vel
566 3473 688 3558 dactyli
712 3473 828 3558 quibus
857 3473 891 3535 in
914 3472 1123 3536 iambicorum
1147 3473 1325 3556 imparibus

174 3578 312 3664 spondei
336 3581 385 3644 vel
414 3580 590 3664 anapaesti.
636 3580 747 3646 Etiam
776 3578 1003 3645 solvendarum
1032 3579 1152 3642 arsium
1175 3600 1252 3642 usus
1276 3582 1344 3643 est'

175 3685 370 3752 simillimus.
416 3686 464 3753 af.
484 3688 512 3752 d.
531 3709 556 3752 r.
575 3710 616 3752 m.
638 3685 822 3752 148-158.

267 3793 321 3858 Ea
338 3794 448 3858 ioaicrs
466 3813 487 3857 a
509 3794 625 3858 minori
643 3796 770 3878 praeter
788 3792 919 3857 Horatii
937 3811 1060 3856 carmon
1079 3790 1150 3874 III,
1169 3796 1220 3875 12,
1240 3793 1325 3875 quod

174 3903 284 3963 totum
307 3903 435 3965 constat
458 3900 562 3965 forma
586 3899 825 3984 simplicissima
848 3921 929 3985 quae
953 3901 1002 3961 est
1025 3937 1043 3964 o
1060 3939 1078 3964 c
1096 3956 1113 3964 -
1132 3948 1162 3982 -,
1187 3899 1327 3962 maxime

175 4027 240 4070 nos
263 4005 402 4070 advertit
425 4003 545 4070 Catulli
569 4021 594 4071 c:
614 4006 667 4089 63,
690 4006 741 4070 cui
763 4006 951 4070 inscribitur
974 4004 1072 4068 Attis.

267 4111 381 4198 Itaque
396 4135 468 4178 curn
488 4113 609 4196 species
629 4113 775 4197 legitima
793 4113 889 4178 metri
908 4109 1104 4196 galliambici
1122 4111 1220 4174 fuerit
1239 4111 1327 4196 haec,

175 4240 277 4304 quam
299 4219 475 4305 numquam
498 4219 646 4284 adhibuit
669 4217 829 4286 Catullus:

468 4367 735 4396 ........
760 4343 1034 4412 imm„

165 4473 232 4540 per
258 4453 423 4518 aaaclasia
440 4415 487 4516 Ad
515 4455 565 4518 est
596 4452 804 4536 transpositis
834 4451 959 4516 arsibus
989 4453 1021 4515 et
1051 4449 1197 4515 thesibus
1226 4449 1327 4515 oritur

231 4567 317 4608 Surum.
333 4570 395 4608 metr.
410 4567 467 4618 Lot,
482 4577 523 4609 ror.
538 4567 563 4607 11.
580 4565 708 4608 Murmura.
1096 4560 1111 4608 3
1142 4617 1145 4626 1
