3260 5292
362 445 405 508 62
843 441 962 498 CAPUT
981 441 1027 497 IV.

362 629 491 671 oausam
524 607 657 672 eandem
686 607 848 674 eliduntur
874 627 895 670 a
922 627 939 670 o
966 627 1002 688 a,
1035 627 1131 690 quam
1159 626 1175 668 e
1206 605 1256 668 vel
1284 606 1304 668 t.
1357 602 1519 668 Omnium

360 713 534 797 plurimum
558 714 742 778 offensionis
765 713 866 777 habet
888 713 968 776 elisa
991 711 1213 797 diphthongus
1227 697 1281 775 'aa
1610 695 1612 785 l

449 818 595 905 Denique
613 820 648 883 in
667 819 824 884 enolitiois
842 839 899 900 qao
916 840 950 882 oe
966 839 1005 882 aa
1022 840 1135 882 revera
1154 817 1370 882 videturesse
1392 819 1518 882 omissa
1611 814 1612 837 ¹

361 926 466 990 finalis
496 930 647 1009 sequente
671 927 775 990 vocali
798 925 1107 1009 pronuntiatumqae
1129 928 1166 988 ut
1188 929 1267 1008 puta
1289 923 1374 1005 atqa'
1401 945 1518 988 manes.
1611 934 1612 966 l

447 1031 486 1096 In
516 1033 652 1097 aeneidas
682 1033 757 1098 libri
795 1031 890 1114 primi
926 1030 1072 1094 versibus
1104 1031 1217 1114 primis
1255 1031 1449 1114 ootoginta,
1483 1036 1519 1093 ut

362 1139 508 1221 exemplo
532 1161 630 1222 supra
648 1126 990 1221 exposita'firmentur,
1012 1137 1222 1202 inveniuntur
1245 1137 1400 1201 elisiones
1422 1159 1518 1202 vooa·

360 1247 438 1309 lium
462 1247 597 1310 brevium
620 1244 707 1326 XXI,
729 1245 764 1308 in
786 1245 836 1308 his
859 1266 917 1326 qae
939 1265 977 1308 ae
999 1244 1079 1307 elisa
1102 1243 1370 1327 quattuordeeies.
1420 1243 1463 1307 In
1486 1265 1517 1306 m

361 1357 511 1416 exeuntes
531 1353 628 1416 elisae
647 1351 720 1437 XII,
743 1353 849 1433 lappae
867 1351 958 1434 VIII,
981 1351 1015 1414 in
1033 1350 1085 1414 his
1105 1351 1258 1415 semelae
1277 1351 1516 1436 diphthongus.

449 1459 620 1523 Praeterea
650 1457 778 1543 quando
811 1458 975 1542 praeeedit
1002 1458 1116 1522 voeatis
1142 1477 1241 1540 perra,
1269 1478 1344 1521 raro
1379 1457 1517 1522 eliditur

360 1566 467 1630 finalis
490 1570 523 1629 et
550 1565 713 1629 rarissime
742 1564 885 1648 quidam,
917 1565 944 1628 si
973 1565 1017 1628 sit
1043 1565 1148 1646 toapa,
1175 1567 1212 1628 ut
1240 1586 1355 1647 parum
1385 1565 1516 1648 placeat

360 1695 471 1738 versus
500 1672 627 1753 Verpttta'
651 1673 734 1751 [aen.
757 1670 797 1754 X,
823 1672 915 1751 179]:
1054 1672 1062 1676 ’
1407 1655 1412 1658 ’

519 1778 580 1841 hos
602 1799 715 1860 parere
737 1777 852 1840 iubent
875 1777 1012 1858 Alpheae
1035 1779 1076 1842 ab
1100 1777 1224 1862 origine
1245 1777 1347 1842 Pisae.

293 1951 296 1956 ,
363 1885 457 1950 Unde
480 1885 634 1948 Horatius
657 1905 754 1948 earm.
777 1883 803 1966 I,
829 1885 869 1948 12
892 1884 985 1948 initio
1009 1884 1102 1948 dixit:

418 1997 422 2006 “
520 2012 614 2076 quem
637 1991 741 2054 virum
765 1995 821 2054 aut
843 1990 942 2054 heroa
960 1991 1029 2069 lyra
1053 1991 1103 2055 vel
1127 1992 1191 2056 aeri

519 2098 602 2163 tibia
625 2098 725 2162 sumis
749 2097 910 2162 celebrare
934 2094 1028 2162 olio?

520 2225 615 2289 quem
638 2203 755 2268 deum?

360 2335 427 2376 non
454 2332 541 2393 qaam
568 2312 657 2375 aaa
684 2317 741 2374 aat
770 2311 874 2395 heroa,
902 2314 938 2375 ut
965 2312 1119 2396 poscebat
1146 2313 1224 2376 ordo
1256 2299 1440 2398 legitimus,
1472 2333 1510 2378 ne

360 2421 449 2484 aleam
472 2417 651 2482 elideretur.

450 2523 518 2590 Oet.
537 2523 576 2588 cf.
595 2523 624 2588 d.
642 2546 666 2587 r.
686 2546 726 2589 m.
748 2524 822 2608 278,
843 2525 892 2589 79.

449 2629 619 2694 Praeterea
646 2632 681 2694 ta
705 2629 833 2696 Graecis
859 2633 1035 2697 aomiatbas
1061 2628 1176 2697 finales
1201 2633 1355 2718 Graecae,
1386 2638 1422 2698 et
1446 2655 1508 2698 non
1611 2643 1612 2664 ¹

360 2739 509 2816 Latinae,
531 2741 568 2800 ut
594 2737 629 2800 in
654 2724 824 2821 Tisiphone,
847 2739 971 2822 Allecto,
995 2740 1121 2805 Electra
1143 2738 1328 2828 (nominat.)
1356 2742 1398 2805 ab
1430 2740 1508 2823 opti-

297 2855 305 2864 “
361 2847 423 2910 mis
446 2845 565 2929 poetis,
593 2846 630 2906 ut
656 2866 675 2907 a
703 2844 836 2926 Verpttto
864 2849 896 2910 et
920 2845 1102 2931 Propertio,
1129 2869 1203 2913 rara
1226 2851 1301 2912 sunt
1324 2849 1438 2932 elisae,
1469 2846 1506 2910 ab
1611 2851 1612 2870 ¹

361 2953 433 3017 aliis
457 2956 494 3016 ut
517 2951 558 3015 ab
584 2948 692 3033 Ouidio
714 2972 898 3036 numquam.

451 3058 609 3139 Quantam
638 3060 681 3122 ad
702 3056 847 3122 eireattas
874 3063 903 3122 et
924 3063 1011 3124 toaos
1032 3061 1191 3126 verboram
1213 3063 1348 3143 attiaet„
1363 3060 1506 3124 omnium

360 3165 524 3230 rarissime
562 3166 668 3229 solent
706 3165 781 3229 elidi
819 3167 1030 3248 monosyllaba
1062 3167 1153 3250 loapa
1185 3168 1252 3231 sive
1289 3167 1425 3230 iambica
1459 3163 1506 3228 vel

360 3273 477 3356 cretica,
501 3271 603 3336 multo
626 3271 731 3356 magis
754 3273 922 3354 spondiaco
944 3274 995 3338 vel
1017 3274 1222 3356 anapaestico.

451 3379 608 3459 Quantam
637 3381 680 3442 ad
709 3380 803 3442 initia
829 3381 999 3459 sarbaram,
1033 3383 1108 3445 ante
1136 3401 1217 3464 quae
1246 3379 1368 3444 vocalis
1396 3377 1449 3442 vel
1476 3396 1509 3438 m·

360 3486 468 3550 finalis
496 3485 603 3550 locata
626 3490 687 3570 est,
719 3487 827 3550 darier
855 3489 905 3550 est
932 3484 1023 3549 elisio
1052 3486 1241 3570 insequente
1270 3485 1395 3569 syllaba
1429 3483 1505 3548 orat
1549 3554 1556 3561 ,

361 3615 458 3677 quam
478 3593 576 3676 trapa,
602 3596 634 3656 et
656 3593 846 3676 insequente
870 3591 995 3675 syllaba
1013 3595 1105 3656 arata
1124 3593 1175 3657 vel
1193 3591 1389 3673 airaarafleaa
1411 3611 1504 3676 quam

358 3701 456 3781 praei.
502 3699 609 3782 Atque
632 3699 712 3763 adeo
740 3699 873 3764 iambica
900 3702 1053 3783 'sequente
1076 3705 1168 3764 aeata
1193 3700 1240 3763 ael
1266 3699 1348 3763 brevi
1371 3721 1391 3763 a
1414 3696 1504 3762 bonis

360 3807 466 3890 poetis
489 3828 665 3890 numquam
689 3806 859 3871 eliduntur.
901 3803 968 3870 Oet.
988 3807 1028 3870 of.
1049 3806 1077 3870 d.
1096 3829 1121 3870 r.
1139 3829 1181 3869 m.
1200 3806 1274 3890 284,
1293 3805 1323 3870 5.

449 3912 551 3978 Porro
567 3914 695 3994 faetta‘as
713 3912 954 3998 elegantiusque
974 3912 1067 3976 elisio
1091 3913 1128 3975 fit
1150 3913 1185 3976 in
1203 3911 1280 3977 thesi
1302 3912 1393 3996 pedis
1413 3932 1504 3996 quam

361 4023 396 4086 in
418 4022 493 4104 arsi,
516 4024 553 4084 ut
575 4021 640 4084 iam
664 4019 739 4084 dixi.
947 4093 949 4099 s

449 4121 595 4210 Denique
619 4127 714 4211 longe
737 4126 843 4191 minus
872 4128 984 4210 gratus
1008 4130 1057 4190 est
1079 4125 1187 4190 hiatus
1211 4129 1244 4190 et
1272 4126 1313 4191 ob
1341 4126 1374 4190 id
1403 4123 1512 4214 magis.
1611 4173 1612 4212 ,

313 4265 321 4284 =
361 4235 512 4318 frequens
545 4233 649 4313 elisio,
682 4233 709 4296 si
741 4233 870 4296 initium
900 4233 1031 4297 secundi
1059 4233 1148 4298 verbi
1180 4233 1297 4316 inoipit
1325 4234 1365 4296 ab
1396 4217 1499 4297 eadem

292 4386 295 4392 ,
362 4341 478 4424 vocali,
511 4362 575 4423 qua
606 4340 716 4404 finitur
742 4340 844 4424 priua,
876 4342 913 4403 ut
939 4340 974 4404 in
1003 4339 1081 4404 illis:
1116 4341 1243 4405 ebriosa
1271 4339 1378 4418 acina,
1414 4335 1502 4402 multi

361 4447 461 4532 illum,
484 4447 541 4512 illa
563 4447 712 4512 habeant.

1610 4533 1612 4644 l

1609 4705 1612 4875 l
