3260 5292
318 425 359 492 78
794 425 914 480 eunus
933 426 980 481 rv.

401 545 491 662 Usus
510 591 560 652 est
581 588 641 652 sub
662 587 715 652 bis
738 587 980 658 condicionibus
999 587 1147 652 brevium
1165 587 1376 671 productione
1395 588 1465 652 fere

315 696 524 778 mirewart
1061 797 1067 802 ι

404 801 531 884 Rclr'qai
552 803 588 865 in
609 801 793 866 taanenu
814 821 882 866 eam
903 801 967 881 fere
988 820 1051 864 noa
1074 801 1244 866 admittant
1264 803 1328 866 nisi
1350 806 1408 865 ont
1428 802 1467 865 in

316 929 443 972 cocsrao
474 913 531 972 orit
560 913 697 989 sequente
727 907 869 974 romairo
902 907 1032 990 Graeco,
1065 911 1102 970 ut
1133 910 1244 970 tamen
1272 908 1392 972 satirici
1422 907 1467 972 ab
1572 977 1580 996 ,

316 1014 452 1078 Horatio
482 1015 557 1078 inde
589 1015 697 1098 priore
729 1018 857 1087 tantum
889 1017 1022 1078 utantur
1054 1033 1172 1097 genere
1206 1013 1366 1078 licentiae.
1420 1012 1468 1076 Et

316 1121 460 1205 plerique
483 1117 555 1186 edm
578 1120 794 1185 adhibuerunt
817 1120 995 1204 rarissime,
1017 1123 1067 1184 ter
1091 1117 1249 1204 Catullus,
1272 1125 1387 1205 quater
1410 1119 1466 1182 'Pi-

317 1227 440 1312 bullus,
463 1229 566 1292 sexies
587 1228 756 1306 Horotins,
779 1227 885 1291 decies
905 1226 1034 1292 Gordius
1056 1249 1128 1292 cum
1152 1226 1338 1292 auctoribus
1361 1226 1468 1290 heroi-

316 1332 406 1417 dum,
434 1356 516 1419 quae
539 1335 568 1399 ei
598 1333 682 1398 falso
705 1334 906 1416 tribuuntur,
933 1336 983 1398 ter
1009 1333 1197 1418 Propertius
1226 1331 1301 1415 [IIl,
1325 1332 1382 1414 28,
1406 1331 1467 1414 29,

315 1438 373 1523 IV,
396 1441 426 1523 2,
452 1441 505 1524 11,
529 1439 569 1522 V,
590 1441 617 1524 1,
640 1441 703 1523 17],
726 1440 812 1504 binis
835 1439 915 1504 locis
936 1437 1106 1520 Martialis,
1129 1440 1268 1522 Persius,
1290 1437 1468 1503 Iuvenalis.

316 1545 383 1610 Alii
406 1549 443 1610 ut
466 1545 648 1636 Lucretius,
670 1545 816 1630 Gratius,
840 1546 973 1612 omnino
997 1547 1163 1612 abstinent
1185 1547 1226 1610 ab
1249 1566 1296 1610 ea.

404 1652 443 1715 ln
456 1657 647 1733 pentametro
661 1653 835 1736 productae
849 1653 938 1717 finali
958 1655 1046 1718 locus
1060 1657 1190 1718 tantum
1206 1655 1256 1717 est
1274 1653 1307 1715 in
1323 1673 1469 1734 caesura,

314 1759 424 1847 ibique
448 1757 620 1826 admodum
643 1780 734 1844 raro,
756 1760 855 1824 semel
879 1759 964 1844 apud
984 1757 1189 1842 Propertium
1214 1755 1266 1844 [IL
1292 1759 1321 1842 8,
1344 1759 1388 1838 8],
1413 1758 1468 1821 bis

314 1867 399 1950 apud
422 1865 603 1930 Martialem
628 1863 702 1950 ΠΧ,
734 1865 811 1950 101,
837 1867 873 1949 4,
902 1864 994 1943 XIV,
1024 1865 1078 1944 77,
1099 1866 1147 1948 2],
1176 1887 1353 1950 numquam
1378 1864 1468 1947 apud

315 1970 493 2057 Catullum,
516 1971 695 2056 Tibullum,
719 1971 873 2037 Ovidium.
1389 2059 1392 2063 .

403 2079 441 2144 In
465 2067 569 2162 1111113
591 2079 787 2144 carminibus
806 2079 976 2164 quinquies
1000 2079 1156 2143 Horatius
1174 2078 1258 2142 hanc
1278 2077 1409 2142 admisit
1428 2079 1469 2142 li·

314 2185 452 2250 centiam
483 2185 517 2249 in
540 2207 673 2252 caesura
696 2191 753 2251 aut
776 2190 930 2271 sequente
953 2187 1111 2251 vocabulo
1134 2184 1256 2249 Graeco
1281 2184 1323 2265 [I,
1347 2185 1381 2267 3,
1404 2185 1468 2268 36,

317 2293 371 2374 13,
394 2293 428 2375 6,
450 2291 497 2378 ΙΙ,
520 2294 557 2376 6,
583 2293 637 2376 14,
660 2291 723 2377 ΠΙ,
748 2294 804 2377 16,
826 2293 883 2377 26,
907 2294 964 2377 24,
987 2293 1036 2376 5],
1059 2313 1235 2375 numquam
1259 2288 1388 2355 Seneca.

402 2398 441 2462 Iu
466 2399 608 2464 imnbicr's
632 2399 745 2464 metris
773 2401 893 2484 breves,
914 2400 948 2464 in
978 2400 1043 2464 arsi
1066 2420 1132 2464 non
1154 2401 1291 2482 possunt
1320 2398 1467 2481 produci.

841 2635 861 2712 ξ
884 2632 937 2696 46.

402 2733 573 2821 Praeterea
594 2757 740 2821 notanda
762 2756 855 2822 haec:
894 2755 990 2840 Apud
1012 2755 1156 2820 Ennium
1182 2754 1344 2818 interdum
1373 2760 1408 2818 at
1435 2760 1467 2818 et

313 2864 339 2927 r't
364 2863 480 2926 tertiae
508 2885 664 2947 personae
692 2863 816 2946 finales,
844 2863 972 2947 quando
1002 2861 1035 2925 in
1060 2861 1201 2926 secunda
1223 2879 1260 2923 os
1281 2881 1311 2922 es
1333 2861 1362 2924 is
1385 2865 1465 2924 sunt
1616 2889 1617 2950 3

279 2974 283 2984 “
313 2970 444 3054 longae,
467 2992 506 3034 ex
528 2993 617 3035 more
641 2971 757 3035 aetatis
781 2971 850 3034 eius
873 2969 1106 3054 producuntur,
1134 2968 1232 3032 etiam
1258 2967 1293 3030 in
1318 2966 1402 3030 thesi
1426 2973 1464 3031 ut

424 3096 450 3158 r't
472 3115 582 3180 eques,
605 3099 638 3160 et
660 3096 776 3179 plausu
800 3115 878 3160 aava
902 3093 1046 3160 concutit
1069 3091 1192 3178 ungula
1215 3095 1344 3156 terram.

424 3201 506 3282 infit
520 3224 562 3267 :o
585 3203 679 3287 cives,
703 3224 785 3288 quae
813 3223 864 3266 me
888 3201 1018 3266 fortuna
1043 3200 1190 3264 ferocem.

402 3321 470 3389 Neo
498 3326 605 3392 minus
629 3326 777 3412 producit
799 3348 834 3392 or
856 3326 1108 3410 nominativum,
1135 3323 1264 3408 quando
1292 3325 1463 3408 genetivus

313 3431 413 3496 habet
435 3453 453 3495 0
476 3433 620 3518 longam:

348 3589 351 3596 .
473 3539 600 3604 tollitur
622 3540 656 3605 in
679 3540 803 3605 caelum
827 3541 946 3606 clamor
969 3541 1099 3605 exortus
1122 3538 1293 3622 utrimque.
1385 3607 1390 3616 ,

473 3645 591 3710 clamor
614 3645 654 3710 ad
677 3647 801 3711 caelum
824 3645 991 3712 volvendu'
1017 3667 1075 3730 per
1099 3667 1172 3711 aera
1196 3646 1295 3731 vagit.

402 3785 465 3853 Sed
492 3810 587 3854 nemo
615 3792 730 3884 postqa
752 3810 791 3854 cx
814 3788 993 3874 dactylicis.
1044 3786 1168 3853 Contra
1190 3787 1335 3852 Plautus
1348 3789 1381 3851 et
1405 3787 1464 3851 Te-

312 3896 431 3960 rentius
456 3895 572 3979 longas
601 3895 715 3961 finales
742 3896 778 3959 in
806 3901 830 3979 t,
857 3917 888 3979 r,
912 3915 928 3960 s
955 3898 1108 3958 exeuntes
1136 3893 1235 3958 simili
1263 3894 1464 3980 condicione,

314 4001 416 4065 secuti
439 4002 609 4085 antiquum
632 4023 754 4067 morem
777 4001 1018 4086 pronuntiandi,
1040 4001 1144 4084 magis
1168 4005 1347 4066 servarunt.
1392 3999 1463 4066 (let.

313 4106 352 4171 cf.
376 4107 405 4171 d.
429 4129 454 4172 r.
476 4130 518 4174 m.
541 4107 714 4174 324-30.
775 4143 778 4150 ⁴
864 4167 866 4170 ,
967 4159 970 4166 ,

402 4212 503 4278 Porro
530 4215 559 4279 is
587 4215 622 4278 in
650 4215 790 4282 secunda
818 4237 956 4300 persona
982 4214 1116 4300 perfecti
1144 4218 1176 4280 ct
1203 4214 1304 4280 futuri
1328 4214 1464 4280 secundi

313 4339 371 4402 per
403 4340 498 4384 omne
529 4324 657 4405 ternpus
689 4321 805 4386 habuit
832 4323 847 4385 1
875 4345 1060 4408 commune,
1087 4325 1184 4407 atque
1211 4323 1259 4387 ita
1286 4323 1464 4388 eorundem

312 4428 494 4509 temporum
517 4429 719 4510 paenultima
741 4429 776 4492 in
798 4430 893 4514 imus,
915 4431 977 4496 itia.
1020 4427 1068 4494 Of.
1092 4430 1121 4494 d.
1144 4452 1169 4494 r.
1194 4429 1338 4513 111325,
1362 4430 1440 4495 365.
