3260 5292
589 437 707 492 CAPUT
725 437 771 493 IV.
1217 436 1258 500 67

202 599 316 684 Itaque
344 599 378 664 in
400 597 594 664 hexametris
618 600 657 664 ab
679 599 816 682 Aaqasti
842 599 915 664 iude
942 603 1072 681 tempore
1094 619 1194 683 usque
1218 598 1259 662 ad

107 705 299 770 Iuvenalem
323 709 451 790 praeter
473 706 645 772 Horatium
671 708 707 772 iu
734 707 851 772 saturis
873 709 906 770 et
928 704 1073 770 Persium
1097 708 1130 769 et
1157 705 1259 786 Verqi-

109 813 191 876 lirun
213 813 248 876 ia
272 812 414 878 bucolicis
438 813 481 897 [3,
504 813 561 894 48]
591 815 623 876 ct
650 813 816 878 catalectis
842 815 885 897 [1,
908 814 943 893 4]
973 815 1069 898 atque
1098 813 1260 892 auctorem

109 915 196 982 Ciris
221 918 314 1002 [294]
342 939 410 983 non
433 919 596 984 invenitur
618 920 799 1004 exemplum
824 920 936 984 simile.
955 991 959 999 ⁸
981 917 1022 983 In
1049 918 1261 984 iambicorum

111 1029 148 1088 et
170 1026 431 1110 logaoedicorum
456 1047 604 1092 versuum
633 1026 733 1092 initiis
747 1025 904 1092 Catullus
932 1025 1093 1092 interdum
1118 1022 1262 1088 admittit

110 1132 295 1217 elisionem,
322 1133 478 1198 Horatius
500 1155 692 1219 numquam,
713 1133 784 1196 nisi
807 1133 868 1218 ita,
891 1136 927 1198 ut
950 1131 1132 1218 praecedat·
1149 1151 1260 1196 versus

101 1237 320 1323 hypermeter
342 1243 391 1304 ut:

394 1387 508 1430 aureos
532 1365 640 1431 educit
662 1364 697 1429 in
719 1368 807 1433 astra
829 1364 980 1450 nigroque

392 1471 516 1538 invidet
539 1470 631 1537 Orac.
762 1481 764 1486 ’

111 1612 227 1699 Neque
257 1613 360 1698 magis
386 1635 467 1678 saec.
490 1635 521 1696 p.
545 1611 620 1678 Chr.
647 1613 743 1698 primi
766 1616 881 1698 poetae
904 1613 965 1680 hoc
988 1613 1159 1696 admisere,
1185 1613 1262 1678 licet

113 1718 236 1784 Seneca
268 1719 302 1783 in
341 1720 561 1784 trimetrorunr
599 1721 811 1786 iambicorum
841 1721 945 1784 initiis
982 1721 1169 1805 aliquando,
1206 1719 1261 1784 sed
1335 1771 1337 1778 .
1392 1727 1398 1740 “

113 1827 287 1906 rarissime,
310 1829 420 1891 utatur
443 1826 584 1893 elisione.
631 1825 698 1893 Oet.
717 1827 755 1892 cf.
775 1827 804 1892 d.
822 1849 847 1892 r.
866 1849 907 1892 m.
927 1827 1002 1910 292,
1020 1827 1072 1892 93.

204 1931 309 2014 Neque
335 1933 435 2014 mauis
463 1955 560 2016 quam
587 1933 621 1998 in
648 1934 754 2018 prima
782 1931 894 1999 versus
919 1934 1058 2018 syllaba,
1086 1934 1262 1998 admittitur

112 2039 200 2102 elisio
221 2040 257 2104 iu
274 2039 395 2103 ultima.
432 2027 548 2124 Itaque
572 2040 605 2102 in
624 2039 820 2106 hexametris
841 2063 879 2105 ea
896 2062 963 2105 non
981 2041 1143 2106 invenitur
1160 2062 1262 2124 usque

112 2145 156 2208 ad
188 2144 374 2210 Iuvenalem
406 2145 469 2210 nisi
506 2145 592 2230 apud
621 2145 778 2211 Lucilium
811 2150 845 2210 et
875 2147 1059 2225 Horatiuru,
1092 2150 1125 2212 ct
1156 2147 1261 2212 tribus

118 2251 248 2333 Verqilii
267 2250 400 2337 Siliiqne
418 2253 452 2316 in
472 2253 616 2317 versibus
637 2255 719 2333 [aen.
734 2251 790 2338 IX,
804 2254 861 2336 573
881 2254 960 2337 4403
980 2254 1018 2318 de
1036 2254 1122 2318 bello
1141 2253 1261 2318 Punico

113 2380 177 2422 sco.
200 2357 262 2441 IX,
285 2357 358 2440 35],
385 2357 437 2422 his
465 2357 595 2442 quidem
623 2360 791 2443 exemplis:
827 2361 886 2425 hero
913 2361 1054 2426 turbidus
1080 2365 1169 2442 atquc
1195 2359 1262 2436 buo,

111 2465 186 2528 hino
207 2466 379 2530 comminus
400 2470 491 2547 atquc
513 2465 597 2550 biae,
624 2467 704 2531 ruite
727 2466 810 2531 ocius
832 2472 922 2550 atquc
944 2466 1033 2532 bauo.
1079 2463 1142 2532 Sed
1165 2488 1263 2552 supra

112 2572 180 2636 iam
203 2572 269 2636 dixi
292 2572 327 2635 in
349 2572 508 2657 particula
531 2589 588 2654 que
609 2594 721 2638 revera
744 2573 857 2638 elisam
879 2573 1011 2638 finalem
1033 2594 1057 2637 c.
1264 2651 1271 2664 ¹

204 2675 359 2742 Similiter
387 2678 502 2742 ultima
531 2679 566 2742 in
593 2680 803 2763 pentametris
834 2700 1009 2763 numquam
1034 2679 1176 2764 eliditur,
1203 2701 1262 2744 nec

113 2783 219 2868 magis
255 2784 290 2848 in
326 2783 483 2848 trimetris
520 2783 676 2849 iambicis.
731 2783 852 2851 Contra
883 2787 919 2851 ia
954 2787 1126 2868 systematis
1159 2786 1263 2868 lyricis

112 2891 254 2968 Horatii,
278 2911 359 2975 quae
383 2891 454 2976 lege
473 2890 613 2976 quadam
633 2891 811 2976 synaphiae
833 2895 994 2976 tenentur,
1017 2895 1149 2976 excepto
1168 2913 1263 2956 versu

113 2999 241 3085 quarto,
264 2999 373 3082 potest
395 2997 465 3062 ficri
488 2996 590 3076 elisio,
613 3001 650 3062 ut
671 2998 706 3080 in
727 2998 792 3063 illis
817 2999 872 3084 [ΙΙ,
897 3000 947 3083 16,
970 2999 1023 3084 37,
1046 2999 1118 3078 38]:

364 3122 510 3188 vestiunt
533 3122 637 3188 lanae.
660 3123 741 3188 mihi
763 3145 865 3208 parva
887 3144 964 3188 rura
987 3127 1016 3187 et

365 3227 515 3314 spiritum
538 3227 655 3295 Graiae
677 3234 807 3295 tenuem
830 3228 1000 3294 Camenae.

113 3369 302 3456 Numquam
324 3374 434 3436 tamen
458 3371 576 3436 similia
600 3370 744 3437 admittit
771 3371 806 3435 in
829 3372 963 3438 canticis
987 3369 1122 3456 Seneca,
1145 3371 1263 3456 quippe

113 3478 170 3561 qui
194 3477 373 3564 synaphiae
395 3479 501 3563 legem
525 3482 718 3544 contemnat.
764 3477 832 3544 Oet.
851 3478 890 3545 cf.
910 3478 938 3543 d.
957 3500 981 3542 r.
1000 3499 1041 3542 m.
1060 3478 1135 3556 296,
1153 3477 1205 3544 97.

204 3585 267 3650 Hic
290 3585 389 3650 etiam
413 3584 574 3671 agendum
596 3587 632 3650 do
654 3585 1016 3671 resacrambam.

208 3690 291 3757 Sunt
314 3693 400 3758 enim
422 3697 528 3758 metra
547 3693 712 3778 quaedam,
735 3714 817 3777 quae
840 3692 1059 3776 nonpossint
1081 3693 1176 3774 stare,
1200 3690 1265 3755 nisi

115 3799 199 3864 elisa
222 3799 348 3882 syllaba
371 3801 485 3865 ultima
508 3801 542 3864 in
566 3799 672 3884 prima
694 3779 1021 3884 metri'inscquautis.

207 3905 256 3971 Ac
274 3905 414 3992 primum
433 3907 562 3992 quidem
580 3906 780 3972 memorandi
797 3906 966 3972 timorati
983 3904 1174 3988 hypermetri.
1204 3904 1267 3980 Qui

115 4037 158 4078 ex
176 4035 328 4097 perversa
347 4014 528 4079 imitatione
542 4011 677 4078 Homeri
696 4017 729 4079 et
741 4012 884 4079 Hesiodi.
895 4011 1098 4098 quorundam
1116 4033 1267 4078 versuum

117 4120 163 4202 [d.
187 4143 212 4186 r.
235 4142 276 4188 m.
300 4120 380 4202 294]
414 4123 447 4187 et
475 4119 767 4186 Alexandrinorum
799 4119 937 4205 exempli
965 4118 1029 4184 orti
1057 4141 1095 4186 ac
1127 4119 1267 4203 primum

116 4230 197 4293 sunt
224 4227 361 4294 adhibiti
389 4249 409 4292 a
430 4226 556 4294 Lucilio
574 4226 683 4312 XVlI,
701 4228 741 4313 .6;
764 4227 877 4294 deinde
906 4249 926 4292 a
948 4225 1112 4310 Lucretia,
1139 4223 1267 4292 Catullo

116 4335 152 4399 in
181 4334 377 4398 hexametris
401 4333 562 4399 continuis
587 4331 771 4419 (nonllb,
794 4332 838 4420 5),
867 4333 998 4416 Veryilia
1021 4333 1057 4398 ia
1072 4333 1218 4415 yearqicis
1240 4336 1269 4396 ct

115 4443 256 4526 aeneide,
284 4442 325 4506 ab
353 4441 415 4507 hoo
449 4441 560 4525 paullo
598 4441 725 4526 saepius
753 4463 850 4524 quam
878 4464 898 4505 a
924 4440 1072 4525 reliquis,
1100 4461 1198 4526 porro
1227 4439 1269 4502 ab

1017 4545 1054 4596 ὃ*
