3260 5292
367 415 408 479 16
732 477 734 484 Α
857 419 976 474 CAPUT
994 421 1015 475 1.

365 576 479 642 Rutilii
502 576 691 643 Namatiani
711 579 816 664 [Lips.
842 583 950 662 1870}
990 581 1135 664 Septimii
1156 589 1258 646 autern
1282 586 1417 649 rationes
1438 590 1511 648 sunt

362 685 456 748 seeuti
482 685 685 750 Terentianus
706 687 857 765 Maturus,
883 688 1058 774 Ausonius,
1085 688 1289 774 Prudentius,
1315 691 1509 775 Martianus,

363 788 507 869 Boetius,
529 791 687 857 Lanarius
711 792 753 873 [d.
777 816 801 858 r.
824 816 866 858 m.
890 795 1056 876 96-99].

452 897 596 981 Denique
620 901 776 966 memoria
799 901 945 986 dignum,
969 902 1053 986 quod
1077 901 1201 968 Tiberii
1225 907 1257 967 et
1281 901 1406 968 Claudii
1429 907 1508 968 tem-

361 1026 438 1088 pore
470 1005 645 1090 Phaedrus,
676 1007 774 1073 homo
804 1009 1011 1092 provincialis
1043 1032 1080 1074 ao
1111 1009 1298 1094 libertinus,
1328 1009 1508 1074 imitatione

236 1109 243 1121 ”
362 1119 505 1176 veterum
538 1113 733 1178 comicorum
765 1117 798 1178 et
825 1116 964 1180 maxime
992 1119 1030 1179 ut
1056 1119 1136 1199 puto
1165 1115 1240 1200 Syri
1268 1116 1509 1202 sententiarum,

363 1240 445 1302 quae
471 1223 541 1284 tum
565 1221 662 1305 vulgo
689 1222 724 1284 in
752 1243 806 1286 ore
834 1225 927 1286 erant
954 1222 1135 1306 bominum,
1161 1223 1291 1287 fabulas
1319 1223 1509 1305 conseripsit

361 1325 517 1390 trimetris
540 1327 697 1411 iambicis,
721 1329 776 1406 ita,
800 1333 837 1394 ut
859 1330 992 1413 paribus
1016 1330 1197 1396 iamborum
1220 1331 1300 1396 loeis
1325 1329 1508 1397 admitteret

363 1432 548 1515 spondeum.
597 1433 687 1498 Idem
714 1438 825 1500 tamen
853 1436 973 1520 alioqui
1002 1437 1123 1522 maffgna
1156 1458 1233 1501 eura
1264 1457 1342 1500 usus
1369 1437 1405 1500 iu
1433 1457 1506 1519 pan-

363 1539 475 1622 gendis
498 1541 623 1624 metris,
646 1542 683 1604 ut
706 1563 785 1624 quas
808 1540 944 1605 Plautus
963 1563 1000 1604 no
1020 1543 1180 1626 Terentius
1199 1563 1296 1626 saepe
1320 1542 1508 1607 adhiberent

362 1647 581 1730 exceptiones,
604 1668 692 1730 raro,
715 1668 795 1730 quas
818 1647 866 1710 illi
891 1647 1010 1730 rarius,
1037 1653 1214 1732 numquam
1242 1649 1432 1715 admitteret
1456 1647 1504 1728 [ef.
1566 1704 1569 1717 .

361 1753 409 1818 ed.
437 1754 569 1819 maioris
591 1751 734 1818 ¹Phaedri
760 1775 835 1839 pgg.
864 1753 911 1818 IX
936 1757 1027 1838 sqq.].
1073 1754 1220 1820 Eandem
1243 1755 1410 1820 licentiam
1433 1776 1505 1838 poe-

311 1943 314 1950 ι
361 1861 459 1926 tieem
494 1855 651 1926 admisere
684 1867 822 1926 auetores
854 1862 997 1943 temporis
1027 1861 1241 1926 Frontoniani
1272 1865 1406 1946 propter
1437 1861 1505 1925 imi-

361 1967 519 2031 tationem
551 1971 720 2051 poetarum
752 1967 942 2032 Latinorum
974 1968 1288 2052 antiquissimorum,
1326 1973 1358 2032 et
1389 1943 1506 2032 ultiui's

360 2075 490 2138 saeculis
519 2076 643 2156 inperii
669 2075 808 2140 Rernaui
834 2077 979 2142 manselli
1012 2079 1145 2160 propter
1177 2075 1337 2154 defectum
1364 2075 1446 2140 artis
1476 2077 1505 2137 et

362 2180 472 2245 iudioii
494 2183 746 2265 perversitatem.

449 2286 511 2352 His
534 2289 689 2372 espositis
715 2291 781 2353 iam
811 2289 1111 2373 demonstrandum,
1139 2311 1202 2372 qua
1225 2295 1291 2354 arte
1313 2291 1363 2354 usi
1384 2289 1503 2354 sintin

361 2395 471 2458 metris
495 2395 684 2461 adhibendis
701 2401 809 2478 postu
830 2397 885 2478 qui
906 2397 1035 2477 fuerunt
1049 2401 1124 2480 post
1144 2397 1330 2480 Aupnestunr.

449 2501 500 2566 Ab
517 2501 567 2567 lis
584 2503 719 2567 unane
736 2504 906 2569 oturuatas
929 2504 1097 2586 Veryitiurn
1114 2509 1144 2568 et
1163 2502 1308 2569 Ouidium
1326 2504 1392 2568 iam
1411 2523 1503 2588 supra

362 2609 439 2693 dixi3
463 2613 604 2675 ceterum
622 2610 730 2694 plures
749 2611 853 2674 multo
872 2611 973 2674 secuti
996 2608 1155 2694 Ouidium,
1179 2613 1212 2674 et
1230 2611 1310 2676 adeo
1330 2612 1385 2696 qui
1403 2611 1502 2696 magis

360 2715 577 2798 probaverunt
600 2716 728 2799 Veryilii
745 2717 888 2781 rationes
907 2716 1070 2800 metricas,
1093 2721 1204 2780 tamen
1223 2737 1318 2800 saepe
1342 2718 1381 2782 ad
1401 2715 1503 2784 Ovidii

362 2822 543 2905 exemplum
563 2843 596 2886 se
616 2822 820 2906 applicarunt
842 2824 877 2887 in
899 2823 1044 2888 versibus
1063 2822 1244 2908 pangendis
1264 2822 1307 2903 [d.
1322 2847 1348 2888 r.
1362 2847 1404 2888 m.
1422 2823 1502 2902 136}

367 2927 534 3011 Veryiliurn
553 2934 655 2994 autern
667 2931 865 3012 potissimum
887 2931 1004 2994 unitati
1026 2929 1163 3008 Persius,
1197 2930 1339 2996 Valerius
1360 2933 1500 3006 Flaeeus,

360 3034 493 3120 Statius,
516 3035 627 3115 Silius,
654 3037 827 3120 Ausonius,
855 3036 1056 3115 Prudentius,
1079 3036 1236 3100 Paulinus
1259 3037 1418 3122 Nolanus,
1440 3036 1501 3118 alii,

363 3141 507 3208 Ouidium
525 3149 661 3209 auetnes
675 3144 889 3227 Priapeerurn,
907 3144 1061 3222 brennus,
1080 3141 1257 3222 Columella,
1276 3144 1433 3209 Homerus
1445 3144 1501 3207 La-

361 3251 454 3334 tinus,
472 3249 645 3330 Petronius,
664 3251 786 3335 Seueea,
800 3251 973 3334 Martialis
991 3250 1394 3334 Nnnesiauus,.Paluadtus,
1413 3251 1500 3316 Clau

360 3357 488 3445 danus,
510 3357 650 3424 Rutilius
673 3360 899 3438 Narratianus,
922 3358 1137 3436 Merobaudes,
1163 3358 1324 3440 -Auiaruu,
1354 3357 1501 3436 Suetius,

360 3465 492 3549 Aratar,
524 3465 667 3550 Boetius,
701 3467 837 3548 plerique
868 3465 1061 3548 antlelapiae
1094 3465 1229 3530 Latinae
1260 3469 1408 3550 auetares,
1440 3461 1501 3527 alii.

362 3571 496 3652 Quidam
518 3573 668 3658 nubunt,
690 3579 726 3638 ut
747 3573 906 3638 Manilius
931 3577 960 3636 et
980 3571 1150 3636 quenalis.

449 3680 503 3744 Eu
525 3679 575 3744 tis
590 3681 730 3762 plurinue
753 3681 842 3764 leges
865 3681 1041 3743 metrorum
1065 3679 1162 3742 eliam
1186 3678 1307 3742 maiore
1334 3700 1406 3742 oum
1430 3697 1501 3742 eura

360 3789 532 3850 servarunt
559 3809 654 3871 quam
683 3786 843 3872 Augustei
873 3785 1028 3870 temporis
1055 3789 1183 3869 poetae,
1212 3785 1260 3848 ita
1287 3785 1429 3869 quidem,
1461 3785 1500 3863 ut,

361 3913 441 3976 quas
472 3893 518 3956 illi
553 3916 648 3979 saepe
681 3895 896 3959 adhibuerant
922 3892 1084 3975 licentias,
1111 3913 1197 3972 raro,
1226 3913 1307 3974 quas
1334 3913 1423 3974 rara,
1452 3889 1500 3955 vix

360 4021 514 4084 umquam
530 4000 727 4070 adhiberent.
760 3999 881 4064 Omnes
899 4001 1007 4063 autem
1027 3998 1081 4078 qui
1099 3997 1230 4062 fuerunt
1245 4002 1316 4079 post
1330 3998 1498 4062 Traianuu

359 4109 535 4172 metrorum
560 4112 629 4172 arte
652 4107 752 4172 vineit
776 4107 914 4170 multum
937 4103 1139 4169 Claudianus.
1180 4101 1287 4188 Atque
1311 4104 1390 4188 adeo
1413 4106 1500 4169 etiau

359 4213 522 4279 christiani
533 4218 642 4296 poetae
658 4233 753 4295 usque
769 4214 813 4278 ad
832 4213 926 4294 fiuent
944 4211 1058 4276 saeenli
1071 4232 1105 4292 p.
1125 4209 1196 4275 eur.
1215 4211 1294 4275 senti
1311 4211 1406 4275 multi
1431 4208 1500 4276 sunl

359 4321 393 4384 in
420 4321 542 4405 regulis
570 4325 746 4385 metrorum
775 4318 997 4401 observandis,
1026 4339 1221 4402 quamquam
1249 4318 1410 4382 interdum
1442 4317 1499 4382 vio·

358 4429 468 4493 larunt
492 4428 620 4493 easdem
643 4427 809 4492 definiente
833 4425 954 4491 sensim
977 4424 1135 4508 doctrina,
1167 4427 1200 4487 et
1223 4425 1351 4508 saepius
1374 4425 1407 4488 in
1433 4441 1498 4508 pro·
