3260 5292
360 409 403 470 4ss
838 405 957 462 CAPUT
976 405 1023 460 ΙΙΙ.

361 572 469 632 autem
492 567 694 632 rarissimum
713 570 763 631 est
785 569 1045 652 monosyllabum
1069 569 1103 632 in
1125 569 1189 632 fino
1210 569 1362 652 positum.
1404 567 1515 634 Semel

360 675 482 758 legitur
505 673 590 757 apud
613 672 775 739 Catullum
801 675 866 759 [752
890 675 939 755 8]:
974 697 976 702 ’

516 802 572 863 aut
593 799 712 884 faeere,
734 799 813 863 haee
837 821 857 863 a
878 803 912 864 te
934 799 1082 884 dietaque
1103 800 1245 884 foetuque
1266 806 1347 865 sunt.
1467 795 1471 800 ’

360 923 459 988 semel
482 922 567 1006 apud
592 921 736 988 Ovidium
759 925 821 1007 [ep.
845 945 884 988 ex
907 922 1012 988 Ponto
1035 924 1061 1002 Ι,
1085 925 1114 1008 6,
1138 925 1211 1004 26];

515 1047 619 1112 omnis
642 1069 684 1111 an
706 1047 742 1112 in
765 1067 901 1132 magnos
924 1048 1018 1132 eulpa
1041 1047 1118 1112 deos
1140 1049 1236 1112 scetus
1258 1049 1324 1113 est?

360 1169 455 1235 Sed
446 1194 480 1234 rn
503 1171 554 1235 his
577 1176 705 1236 suntet
726 1177 769 1236 est
757 1171 984 1235 tinelinanda.
1026 1170 1147 1247 Quater
1169 1171 1330 1236 Martialis
1359 1171 1382 1254 l,
1402 1172 1458 1254 32,
1479 1173 1516 1255 2·
1624 1267 1625 1276 ,

360 1277 985 1374 ἮΙ,75,;,,;,,.2Χ168ΧΙΙ472

262 1407 265 1410 ·
449 1383 548 1448 Plura
570 1384 657 1449 diota
680 1384 718 1448 de
742 1388 945 1468 pentametro
970 1383 998 1448 d.
1016 1407 1042 1448 r.
1060 1407 1101 1448 m.
1121 1385 1305 1450 224—226

883 1617 979 1696 sne

448 1739 671 1825 Elaedemt
615 1783 655 1824 au
656 1762 721 1823 tem
745 1780 952 1823 numerorum
975 1759 1106 1844 leges
1086 1782 1121 1823 nn
1143 1759 1270 1842 reliquis
1291 1759 1428 1824 uersibus
1452 1760 1517 1824 ob-

359 1867 473 1931 tinent.
451 1865 576 1932 tSed
600 1867 675 1952 quia
697 1865 934 1930 hexameteret
920 1869 1158 1948 tpentameter
1176 1870 1212 1930 ut
1235 1865 1518 1951 frequentissima,

298 2049 301 2056 Ι
359 1974 406 2036 ita
420 1974 599 2038 cultissima
617 1973 761 2038 omnium
780 1977 856 2037 sunt
869 1972 1009 2050 metraj
1000 1994 1035 2035 1n
1054 1973 1168 2037 ceteris
1182 1973 1255 2036 illae
1274 1973 1382 2056 paullo
1402 1973 1517 2036 minus

361 2084 509 2146 accurate
532 2084 710 2145 servantur

449 2187 594 2271 Itaque
580 2209 616 2250 nn
634 2187 774 2252 omnibns
791 2185 928 2252 uersibus
945 2163 1088 2251 uitiosum
1106 2185 1206 2250 habet
1191 2189 1244 2250 tur
1262 2185 1354 2249 finire
1368 2189 1516 2250 metrum

239 2300 243 2304 ’
360 2293 516 2358 vocabulo
535 2293 767 2377 monosyllabo,
792 2293 819 2357 si
841 2293 1005 2377 praeeedit
1027 2293 1216 2377 plusquam
1236 2293 1516 2377 monosyllabum,

360 2403 492 2484 excepto
516 2401 643 2485 quando
667 2401 760 2464 adest
782 2400 939 2485 enclitloa,
962 2399 1101 2464 maxime
1124 2401 1326 2465 verbumt
1282 2405 1337 2483 est,
1360 2403 1398 2462 ut
1422 2401 1515 2483 apud

360 2505 534 2572 Catullum:
698 2573 703 2583 ,

536 2635 650 2698 perum
674 2615 856 2698 expatravit
879 2635 920 2678 an
942 2637 1057 2698 parum
1080 2614 1229 2679 heluatus
1253 2613 1323 2678 est?

358 2744 391 2804 et
414 2739 498 2824 apud
521 2739 715 2804 Phaedrum:

588 2864 703 2928 timore
727 2864 840 2928 mortis
863 2861 1011 2929 illatum
1033 2865 1187 2970 confessns
1209 2870 1260 2929 en.

357 2988 446 3054 Idem
470 2989 587 3054 admitt
588 2987 614 3051 it
573 2986 757 3052 tSeneoa
783 2989 939 3074 tragicus,
969 2989 1114 3056 sednon
1137 2989 1256 3054 Horat
1232 2995 1293 3054 tens
1298 2987 1515 3076 ,Vergilius,

360 3096 544 3181 Petronius,
567 3093 737 3160 Martialis,

447 3202 515 3267 Nee
543 3201 649 3266 minus
678 3203 713 3266 in
740 3224 874 3267 caesura
900 3207 1035 3287 putatur
1063 3203 1217 3269 vitiosum
1245 3203 1513 3288 monosyllabum

357 3309 572 3374 collocatum
563 3331 598 3372 rn
612 3309 676 3373 fine
691 3309 813 3373 ordinis
827 3310 963 3394 metrici,
981 3311 1045 3374 nisi
1060 3333 1132 3376 oum
1147 3312 1250 3375 altero
1270 3311 1512 3394 monosyllabo.

445 3416 525 3480 Rem
549 3416 696 3486 demonst
682 3417 808 3480 t'rabo
798 3439 833 3480 1n
857 3418 993 3481 trimano
1015 3418 1194 3482 insnbiooet
1214 3418 1374 3482 nonnullis
1396 3420 1512 3482 metr-is

356 3523 541 3605 loqnoedieis.
585 3496 827 3608 Igitur⁰parum
856 3528 932 3588 sunt
955 3525 1119 3608 elegantes
1142 3524 1275 3608 ideoque
1298 3523 1363 3588 rari
1386 3545 1506 3590 versus

357 3631 454 3696 lale&
591 3718 669 3784 diris
692 3741 785 3803 want
806 3740 867 3804 noe,
892 3723 897 3799 Ι
921 3721 992 3785 dira
1014 3719 1195 3785 deleslaffia
1235 3743 1243 3756 ι

586 3828 743 3911 regnante
767 3829 799 3890 te
822 3828 904 3892 eides
925 3831 962 3891 nt
983 3827 1152 3911 imperium
1176 3827 1279 3892 eadat.

445 3950 598 4016 Omnium
616 3951 793 4035 pessimum
807 3955 865 4036 est,
885 3952 913 4016 si
930 3951 1027 4017 tortio
1048 3952 1117 4016 loeo
1138 3952 1328 4016 vocabulum
1352 3949 1510 4034 spondia-

356 4047 428 4122 eum
452 4057 495 4122 sit
514 4057 672 4141 positum,
700 4058 776 4146 quia
804 4057 852 4122 ita
874 4057 1000 4123 indoles
1024 4079 1173 4122 caesurae
1201 4046 1383 4122 trochaicae
1408 4057 1514 4140 plane

356 4163 510 4228 evertitur
533 4167 570 4227 ut
593 4163 677 4248 apud
701 4163 929 4228 Terentianum
952 4163 1115 4230 Maurum:

535 4289 591 4352 sed
614 4289 752 4373 simplici
775 4309 898 4354 carmen
914 4311 973 4372 pen
997 4311 1092 4354 omne
1116 4292 1245 4354 evectus
1269 4291 1325 4355 est.
1417 4275 1420 4280 ¹

354 4411 526 4477 Praeterea
548 4412 631 4478 oonf.
650 4412 679 4476 d.
698 4436 723 4477 r.
743 4435 784 4477 m.
803 4414 990 4482 226-228.
