3260 5292
326 416 370 480 52
801 417 922 474 CAPUT
941 419 986 474 ΠΙ.

326 601 407 645 saec.
435 603 465 664 p.
489 580 563 647 Ohr.
591 581 687 664 primi
715 602 809 645 nemo
839 585 889 646 est
917 605 1015 647 ausus
1041 587 1162 664 praeter
1189 581 1375 648 Iucrcnolem.
1424 582 1482 649 cf.

324 686 353 751 d.
377 709 402 751 r.
423 709 463 753 m.
483 688 564 770 232,
586 688 615 752 3.
651 685 737 752 Nam
756 686 917 770 Propertii
941 687 1004 772 ΙΙΙ,
1027 688 1084 767 25,
1111 690 1150 752 l'l
1175 694 1343 773 corruptus
1367 694 1426 754 est.
1500 710 1517 721 ‘

392 793 452 858 'In
475 795 622 878 partibus
647 817 770 878 versus,
794 817 875 879 quae
895 798 971 860 sunt
988 801 1075 860 extro
1097 797 1188 877 finem
1211 797 1331 861 ordinis
1352 799 1481 862 nonai

324 902 464 984 positae,
492 901 709 985 interpunctio
736 901 891 966 facillime
920 901 1214 986 accommodabitur
1240 903 1358 986 pedum
1390 904 1478 968 divi-

324 1008 471 1073 sionibus
496 1010 555 1092 cis,
583 1009 699 1093 quibus
727 1009 760 1073 in
784 1009 919 1094 singulis
944 1009 1053 1072 metris
1081 1009 1220 1073 maxime
1247 1011 1396 1083 usisunt
1419 1033 1477 1074 ve·

323 1121 420 1200 teres,
443 1121 480 1181 ut
502 1117 537 1180 ia
559 1116 732 1181 hexametro
748 1121 975 1199 pentametram
993 1119 1067 1199 post
1089 1115 1262 1181 secundam
1285 1118 1363 1202 poni
1386 1117 1477 1182 solet

324 1225 411 1288 arsin
436 1227 492 1288 aut
510 1227 584 1307 post
609 1223 715 1288 thesin
735 1229 893 1308 quartam.
930 1222 1038 1287 Minus
1056 1223 1164 1306 placet
1186 1223 1374 1308 interpungi
1395 1228 1477 1307 post

324 1330 498 1395 secundam
526 1330 675 1415 dactylici
697 1330 794 1414 ¹pedis
824 1331 983 1414 syllabam
1017 1351 1113 1414 quam
1146 1333 1221 1414 post
1247 1329 1385 1412 primam
1414 1333 1476 1392 aut

322 1437 460 1502 tertiam.
496 1435 617 1500 Parum
637 1439 745 1505 autem
768 1437 932 1520 probatur,
954 1436 1155 1520 perspicuam
1176 1439 1311 1520 propter
1329 1457 1475 1519 causam,

322 1544 357 1606 in
385 1545 489 1628 primo
517 1544 597 1627 pede
625 1545 731 1626 posita
758 1543 989 1627 interpunctio,
1017 1565 1059 1606 ne
1086 1546 1163 1626 post
1184 1543 1315 1607 tertiam
1339 1542 1474 1626 quidem

323 1649 495 1734 syllabam3
524 1650 608 1715 unde
639 1651 792 1733 Verqc'lius
819 1673 857 1714 ea
884 1650 1045 1715 interdum
1069 1671 1145 1714 usus
1169 1653 1218 1713 est
1244 1648 1410 1713 commode
1434 1649 1472 1712 in

323 1757 471 1822 oratione
495 1757 603 1821 subito
628 1758 767 1841 abrupta
790 1761 823 1821 et
846 1757 987 1841 concisa,
1010 1760 1047 1820 ut
1070 1779 1138 1821 aen.
1161 1755 1222 1840 IV,
1246 1756 1323 1839 569,
1348 1756 1404 1820 70:

420 1883 470 1946 cia
493 1904 567 1968 age,
590 1905 702 1966 rumpe
726 1904 843 1947 moras.
866 1882 989 1946 varium
1014 1885 1046 1945 et
1068 1881 1222 1946 mutabile
1246 1903 1372 1965 semper

417 1989 544 2070 femina.
582 1989 628 2054 sic
651 1990 738 2054 fatus
761 1989 849 2053 nocti
873 2011 907 2052 se
930 1987 1107 2052 immiscuit
1129 1991 1227 2052 atrae.

411 2112 583 2178 Praeterea
601 2135 668 2178 non
687 2114 764 2178 licet
781 2113 816 2178 in
832 2135 942 2178 versus
961 2113 1054 2177 initio
1073 2113 1151 2196 poni
1171 2112 1271 2177 verba
1286 2112 1365 2176 talia
1384 2134 1472 2198 quae

321 2243 387 2285 non
409 2224 549 2304 possunt
572 2225 658 2286 staro
680 2220 715 2284 in
737 2221 831 2286 initio
852 2221 1019 2303 enuntiati,
1042 2222 1078 2284 ut
1100 2221 1182 2284 enim
1204 2225 1322 2297 outem;
1346 2219 1387 2284 de
1410 2221 1471 2286 illo

320 2329 423 2410 inquit
444 2327 483 2392 cf.
503 2327 531 2391 d.
550 2350 575 2390 r.
593 2349 634 2392 m.
653 2326 731 2410 230,
755 2327 807 2392 31.

409 2434 448 2498 In
469 2434 665 2518 pentametri
688 2455 821 2498 caesura
843 2437 919 2517 post
936 2432 1098 2498 Catullum
1116 2455 1181 2498 non
1204 2433 1369 2499 adhibitae
1394 2457 1470 2500 con·

320 2540 500 2606 iunctiones
525 2545 582 2604 aut
604 2541 860 2624 praepositiones
882 2539 1135 2624 monosyllabae.
1172 2539 1220 2606 Of.
1239 2540 1268 2604 d.
1287 2563 1311 2604 r.
1330 2564 1372 2606 m.
1393 2541 1471 2606 235.

409 2649 455 2712 At
483 2647 568 2730 apud
596 2647 767 2712 Horatium
795 2647 828 2711 id
854 2647 1018 2712 invenitur
1044 2647 1079 2712 in
1107 2647 1220 2712 mediis
1249 2651 1281 2712 et
1312 2649 1472 2714 extremis

320 2754 496 2838 lyricorum
520 2757 734 2838 systematum
757 2754 902 2818 versibus
926 2759 975 2820 ut:

475 2878 607 2944 vocibus
630 2899 765 2963 regnum
787 2883 815 2943 et
834 2877 839 2962 Ι
859 2878 1008 2943 diadema
1030 2883 1137 2944 tutum

474 2986 521 3049 nil
544 2987 680 3050 interest
701 3006 745 3049 aa
764 2983 769 3067 Ι
789 3005 912 3068 pauper
934 2988 967 3048 et
989 2985 1102 3049 infima

474 3096 662 3176 pestemque
686 3114 706 3156 a
727 3092 847 3176 populo
870 3098 899 3156 ct
917 3097 922 3174 1
942 3093 1086 3178 principe
1109 3090 1247 3157 Caesare
1269 3092 1304 3156 iu

473 3198 589 3262 Persas
613 3202 708 3282 atque
731 3197 940 3266 Britannos..
1269 3201 1271 3206 ’

406 3322 496 3386 Idem
520 3326 553 3386 ct
575 3323 775 3406 interpunxit
798 3327 873 3406 post
896 3324 1058 3407 syllabam
1082 3325 1329 3407 paenultimam:

590 3447 751 3532 audivere,
774 3447 873 3532 Lyce,
897 3447 930 3512 di
952 3471 1025 3512 mea
1048 3452 1136 3532 vota,
1160 3448 1192 3512 di

589 3555 751 3638 audivere,
773 3554 868 3639 Lyce.

319 3676 381 3743 Sed
413 3679 505 3762 haec,
537 3701 610 3742 rara
637 3679 766 3764 quidem
795 3680 879 3763 apud
909 3681 1013 3762 illurn,
1045 3701 1222 3764 numquam
1254 3679 1474 3746 inveniuntur

319 3786 403 3868 apud
428 3785 566 3852 Statium
590 3786 624 3849 iu
648 3787 738 3851 silvis
762 3790 819 3882 aut
841 3785 926 3870 apud
950 3784 1104 3851 Senecam
1127 3787 1161 3850 in
1184 3787 1326 3852 canticis.

407 3891 577 3957 Praeterea
604 3897 680 3976 post
703 3891 865 3956 Catullum
894 3896 926 3955 et
949 3891 1123 3958 Horatium
1152 3894 1240 3958 soliti
1264 3897 1340 3957 sunt
1367 3894 1470 3959 inter·

120 4081 123 4090 ,
222 3999 225 4005 ’
317 4020 461 4084 pungere
493 4003 607 4082 poetae
640 4004 716 4083 post
746 4000 843 4063 finem
872 3999 1001 4063 distichi
1030 4001 1162 4084 elegiaci
1191 4003 1247 4064 aut
1277 4002 1469 4084 systematis

316 4107 410 4190 lyrici
439 4109 571 4190 excepto
600 4106 628 4169 si
656 4106 746 4170 fieret
773 4109 830 4170 aut
857 4107 1058 4171 enumeratio
1085 4128 1191 4170 rerum
1221 4111 1278 4171 aut
1305 4106 1333 4170 si
1356 4109 1468 4171 multi·

318 4213 513 4295 plicarentur
545 4212 689 4296 epitheta
726 4215 782 4276 aut
818 4213 845 4276 si
877 4214 1050 4278 iniceretur
1085 4213 1300 4296 parenthesis,
1332 4214 1370 4276 ut
1407 4212 1467 4280 Ov.

317 4317 436 4383 heroid.
463 4320 494 4403 1,
518 4319 672 4403 91—933
699 4321 753 4403 12,
777 4320 931 4404 62-643
954 4319 1027 4384 fast.
1050 4319 1112 4404 IV,
1135 4318 1330 4385 357-359.

405 4424 444 4488 ln
468 4426 531 4488 fine
554 4425 650 4488 huius
674 4427 776 4508 partis
800 4430 873 4510 apte
896 4430 1004 4510 potest
1027 4425 1114 4504 addi,
1144 4448 1207 4492 aaa
1229 4447 1336 4490 omaro
1352 4432 1467 4508 poetas
