3260 5292
647 417 768 474 CAPUT
786 417 820 474 ΙΙ.
1197 459 1202 470 .
1262 411 1303 479 2Ἰ

252 579 362 648 Oritur
389 579 488 646 etiam
518 601 554 648 eu
581 582 728 648 materiae
753 581 928 648 diversitate
958 580 1118 646 diuersitas
1149 577 1306 665 quaedam

150 687 312 754 libertatis
340 686 506 772 metricae,
534 691 571 751 ut
593 687 676 752 aliae
704 689 769 770 siut
797 688 886 773 leges
909 687 1086 752 carminum
1111 687 1309 770 tropicarum,

152 795 247 860 aliae
265 795 427 881 epieorura,
451 794 533 859 aliae
552 795 726 892 tyruoruru,
746 793 827 858 aliae
847 795 1055 878 eteyiaaorum,
1079 793 1161 858 aliae
1179 793 1306 858 dedati-

150 923 274 987 eoruru,
297 901 379 967 aliae
399 901 535 987 denique
553 902 759 968 satiricorum.
779 937 818 947 -
843 899 932 978 Quae
950 903 1059 966 tamen
1079 921 1129 966 res
1149 900 1191 965 od
1209 899 1305 966 Grae·
1349 923 1352 930 ⁴

150 1029 205 1076 eos
231 985 334 1074 multo
357 984 468 1094 mag„
487 1009 630 1092 pertinet
653 1030 749 1106 quam
772 1010 815 1074 art
835 1007 1001 1076 Romanos.

250 1111 285 1200 3)
308 1136 405 1198 porro
429 1137 496 1180 non
520 1119 570 1180 est
593 1114 679 1200 quod
702 1114 817 1180 mirere
841 1137 923 1200 eum,
945 1117 1000 1200 qui
1015 1117 1141 1199 primus
1163 1115 1306 1182 adtribue·
1360 1191 1363 1201 ι
1417 1095 1419 1106 ’

151 1222 200 1288 rit
223 1227 364 1305 autrum,
387 1221 537 1287 maiorem
559 1221 623 1286 sibi
645 1221 812 1306 indulgere
836 1221 870 1286 in
890 1243 927 1286 eo
950 1223 1119 1288 mactando
1144 1223 1307 1305 licentiam,

152 1351 258 1414 quam
281 1330 472 1411 posteriores.
517 1329 568 1394 Ita
590 1329 694 1394 Enati
720 1329 888 1394 tuuouwtri
914 1329 1082 1394 inferiores
1112 1329 1306 1412 Verpiliauiq

152 1435 205 1500 ita
230 1436 361 1502 Horatii
388 1455 493 1502 uersus
522 1435 611 1519 turiei
636 1434 743 1500 minus
771 1436 913 1502 aeeurati
937 1457 1033 1521 quarn
1057 1433 1193 1502 senecae.
1237 1433 1306 1502 Neo

153 1565 227 1608 non
251 1542 351 1608 refert
374 1541 522 1624 multum,
545 1543 654 1606 utrum
679 1543 778 1625 poeta
801 1541 954 1607 adhibeat
976 1545 1115 1608 metrum
1139 1543 1239 1608 multo
1264 1565 1306 1608 an
1334 1542 1337 1548 ’

154 1650 277 1736 exiguo
301 1671 362 1714 usu
384 1649 497 1714 tritum
521 1653 596 1714 ante
615 1649 730 1733 ipsum.
771 1647 823 1714 Ite
841 1649 958 1715 Catulli
975 1649 1144 1716 teeametri
1162 1650 1305 1715 continui

155 1757 265 1824 multo
293 1756 441 1822 meliores
470 1777 566 1842 quam
589 1755 720 1822 disticha
743 1755 898 1840 eiusdem,
926 1755 1002 1840 quie
1030 1755 1208 1822 hexametri
1231 1759 1314 1820 ante*

154 1885 235 1928 eum
252 1885 417 1949 persaepe,
441 1863 579 1929 disticha
597 1884 671 1928 raro
691 1861 864 1928 admodum
883 1862 1029 1928 adhibita
1051 1866 1144 1928 erant
1162 1886 1181 1928 a
1199 1863 1305 1948 poetis

154 1967 295 2036 Latinis.
406 2049 409 2057 Ι

251 2075 288 2163 4)
311 2081 479 2163 praeterea
501 2061 689 2162 plerumque
713 2075 793 2162 (non
817 2075 957 2163 semper)
981 2079 1146 2142 auctorum
1165 2078 1307 2142 earmina

156 2187 293 2266 tempore
303 2185 479 2266 posteriora
497 2186 596 2267 inopie
615 2187 690 2250 sunt
708 2185 858 2268 eastipata
876 2206 972 2268 quam
986 2184 1106 2267 priora,
1125 2187 1162 2249 ut
1176 2184 1306 2249 Horatii

155 2291 307 2372 epistulae
339 2295 408 2355 arte
441 2291 574 2398 metrica
607 2295 760 2376 superant
790 2295 931 2373 saturae,
963 2295 1001 2356 ut
1031 2290 1179 2358 natiue
1210 2289 1306 2357 Statii
1431 2303 1437 2312 '

158 2395 325 2462 ssubaida.

249 2501 285 2589 5)
307 2527 367 2570 nee
390 2506 496 2570 minus
518 2505 618 2571 refert
640 2507 818 2592 permagni,
840 2527 898 2588 quo
921 2507 991 2588 quie
1008 2507 1141 2588 eueuepto
1164 2508 1306 2573 autricae

157 2612 239 2678 artis
267 2615 375 2676 utatur
402 2613 435 2676 in
463 2612 642 2698 pangendis
670 2613 824 2699 versibus.
870 2613 922 2678 Ita
950 2613 1035 2698 apud
1064 2612 1228 2678 Romanos
1257 2637 1306 2679 se-

158 2716 339 2782 verioribus
358 2719 461 2784 mutto
476 2719 628 2786 metricae
642 2720 768 2804 legibus
783 2721 860 2783 sunt
878 2719 927 2783 usi
943 2719 997 2803 qui
1014 2718 1117 2784 Ouidii
1135 2741 1230 2802 quam
1250 2721 1305 2804 qui

163 2821 293 2906 Verpitii
325 2829 533 2911 sequerentur
565 2817 757 2910 exemplnmss
785 2859 826 2868 -
857 2824 1030 2890 Praeterea
1060 2826 1153 2890 multi
1181 2848 1304 2892 errores

157 2929 285 2994 metrici
318 2930 352 2994 in
383 2931 527 2996 earmina
555 2931 685 3016 Latina,
717 2931 855 2996 maxime
886 2955 906 2996 a
932 2953 1013 2997 seeo.
1041 2955 1071 3016 p.
1095 2929 1169 2996 our.
1199 2934 1304 3018 tertio,
1358 2939 1361 2947 '

157 3033 322 3102 fluxerunt
345 3059 383 3102 ex
410 3038 518 3122 pravis
541 3037 827 3124 grammaticorum
854 3038 1033 3124 praeceptis
1057 3041 1114 3102 aut
1136 3060 1173 3104 ex
1197 3043 1304 3124 poeta-

157 3162 230 3208 rum
255 3143 473 3229 antiquiorum
498 3145 652 3229 exemplis
676 3145 759 3210 male
782 3145 963 3212 intellectis.
1085 3137 1087 3142 ’

249 3249 285 3338 6)
317 3255 386 3318 tum
417 3252 582 3318 licentiam
612 3253 826 3319 eonoilierunt
858 3256 962 3320 metro
995 3253 1036 3317 ab
1063 3250 1198 3318 Homeri
1230 3253 1303 3319 inde

157 3359 303 3442 tempore
322 3381 423 3442 usque
443 3359 483 3424 ad
502 3360 643 3426 medium
658 3381 782 3444 aevum,
801 3360 886 3446 quod
901 3358 1024 3438 dieitur,
1043 3359 1161 3424 iniecta
1176 3362 1304 3426 uomiua

154 3466 300 3550 propria,
322 3465 432 3548 quibua
453 3472 563 3533 ueteres
584 3471 692 3550 poetae
714 3467 810 3532 mutto
836 3467 959 3550 saepius
981 3472 1054 3534 suut
1075 3468 1126 3532 uei
1142 3487 1237 3550 quara
1259 3489 1303 3532 re-

158 3576 264 3651 motes,
283 3575 315 3636 et
333 3573 472 3638 maxime
492 3558 619 3657 quidem
634 3574 663 3638 ei
681 3574 767 3658 parti
785 3575 890 3658 metri,
909 3597 989 3660 quae
1003 3575 1165 3667 praeeedit
1179 3575 1304 3640 nomini

159 3679 299 3762 proprio.
344 3678 517 3745 Praeterea
535 3663 655 3746 maiore
674 3703 747 3746 eum
771 3681 902 3746 lieentia
921 3681 1025 3747 solent
1048 3681 1194 3747 adhiberi
1216 3702 1301 3746 oooa-

158 3783 232 3850 buta
255 3785 396 3870 tectiu‘t'ea,
420 3809 501 3871 quae
521 3791 686 3873 vocantur,
710 3791 766 3852 aut
785 3809 804 3852 a
822 3787 1005 3854 christianis
1024 3788 1129 3872 poetis
1147 3809 1238 3853 saera
1262 3825 1297 3834 -—

159 3892 277 3976 quippe
305 3892 384 3958 haee
417 3893 561 3977 proxime
590 3893 630 3958 ad
657 3895 862 3980 propriorum
890 3894 1045 3960 aoeedunt
1072 3897 1219 3958 naturam
1250 3931 1301 3976 -,

158 4018 212 4064 ueo
238 3999 342 4064 miuus
366 4000 540 4082 frequentia
568 4003 734 4067 oo'mmuuis
761 4003 842 4068 uitae
869 4023 929 4067 auu
955 4022 992 4066 ao
1019 4003 1100 4068 vetut
1125 4002 1245 4086 detrita,
1267 4007 1303 4066 ut

152 4107 351 4190 prouoruiua,
373 4109 530 4193 adverbia,
547 4109 800 4192 praepositiones,
823 4109 1059 4192 eouiuuatioues,
1082 4109 1128 4174 oet
1148 4106 1302 4188 formulae

158 4212 316 4277 amborum
338 4219 374 4278 ut
400 4211 469 4296 ‘quo
492 4213 602 4294 modo',
630 4213 699 4298 ‘quo
719 4213 829 4299 poeto',
851 4215 897 4280 oet
919 4220 1064 4298 mutuor
1086 4219 1142 4280 aut
1157 4215 1301 4298 plurium

157 4319 347 4402 armatam
369 4321 522 4386 voeabula.

250 4421 284 4510 7)
304 4425 440 4512 denique
458 4429 661 4513 exceptiones
680 4429 839 4496 interdum
857 4428 941 4496 fiunt
959 4428 993 4496 in
1011 4429 1155 4496 versibus
1170 4431 1301 4518 propter
