3260 5292
620 439 863 496 PROOEMIUM.q
1290 441 1310 503 Β

251 597 319 664 Nee
350 601 437 665 elisio
466 601 504 666 fit
534 601 569 666 in
598 625 648 688 ea,
677 605 704 669 si
734 603 900 688 proximus
927 603 1063 687 incipiat
1090 623 1112 666 a
1138 603 1236 668 cocali
1264 603 1311 668 cel

152 702 176 766 le
203 703 315 770 littera.
1174 779 1177 788 ,

250 811 359 876 Etiam
374 814 409 877 ln
426 813 489 896 [tue
501 817 621 897 prioris
633 819 738 899 partis
751 838 893 883 casuum
907 822 1162 901 osyrrartetorum,
1181 817 1308 901 quando

151 917 190 980 ἐκ
218 920 305 983 arsin
331 924 462 1004 exeunt,
489 921 592 988 blotai
618 929 648 988 et
674 925 809 1008 syllabae
834 926 965 1006 ancipiti
991 929 1035 988 cst
1063 925 1153 990 locus,

249 1026 359 1091 Maior
381 1029 427 1092 ols
450 1030 541 1093 metri
563 1029 649 1094 inest
671 1032 707 1094 lo
724 1031 941 1112 prioreparte
963 1052 1084 1097 versus.

251 1131 373 1199 Versus
402 1137 595 1210 catalecticus
618 1140 679 1220 est,
707 1137 797 1201 cuius
820 1137 935 1202 ultimo
959 1137 1033 1222 pedi
1061 1139 1182 1223 aliquid
1206 1140 1309 1224 deest3

152 1238 182 1303 si
220 1239 302 1303 duae
330 1244 456 1306 restant
483 1242 643 1327 syllabae,
671 1243 861 1308 catalecticus
889 1244 924 1308 irc
951 1245 1162 1329 disyllabrrra,'
1179 1247 1206 1310 si
1234 1242 1309 1332 una}

151 1346 349 1428 catalecticus
380 1348 415 1412 la
446 1349 607 1431 syllabam.
662 1347 697 1414 Si
730 1349 822 1413 adest
853 1344 974 1433 aliquid
1006 1350 1093 1414 ultra
1125 1375 1308 1418 mensuram

149 1453 264 1518 ultimi
287 1453 392 1538 pedis,
415 1459 550 1520 vocatur
571 1456 866 1539 hypercatalecticus,
904 1455 1025 1524 Versus
1044 1466 1239 1541 asyuarletos
1258 1465 1309 1525 est

77 1585 84 1598 ·
152 1582 195 1624 ex
221 1559 357 1625 diversis
380 1582 587 1627 numerorum
612 1562 783 1647 generibus
811 1561 995 1648 copulatus,
1021 1565 1109 1630 cuius
1133 1566 1167 1630 iu
1191 1567 1308 1650 prioris

149 1667 259 1750 partis
278 1667 343 1732 fine
361 1667 492 1732 licentia
511 1669 669 1752 quaedam
688 1669 804 1752 podica
818 1692 916 1754 supra
931 1674 981 1734 est
994 1675 1116 1736 notata.
1144 1672 1308 1757 Syuopln'o

151 1777 220 1857 est,
244 1775 373 1859 quando
396 1774 505 1858 plures
529 1797 640 1840 versus
660 1775 707 1841 ita
725 1775 891 1861 iugantur,
915 1777 951 1842 ut
971 1777 1004 1840 in
1022 1777 1087 1842 fine
1107 1767 1306 1864 singulorum

148 1901 260 1963 neque
282 1879 388 1946 hiatui
412 1881 456 1945 sit
477 1881 567 1946 locus
590 1904 693 1968 neque
718 1883 862 1966 syllabae
887 1884 1062 1968 communi,
1085 1888 1183 1970 utque
1202 1888 1307 1971 possit
1441 1889 1447 1900 '

150 1987 290 2052 verbum
313 1987 349 2052 in
373 1988 453 2054 duos
477 1980 613 2052 distrahi
637 2011 763 2076 versus,
787 1990 871 2073 quod
896 1990 990 2054 aliter
1013 2012 1079 2055 non
1102 1992 1186 2058 licet.

245 2093 379 2176 Stropba
402 2097 600 2172 autrectius
622 2103 755 2180 systema
776 2117 918 2162 casuum
937 2097 1065 2182 dicitur,
1089 2100 1218 2183 quando
1243 2100 1305 2164 duo

151 2202 214 2264 aut
246 2201 354 2284 plures
387 2221 497 2266 versus
531 2204 724 2287 copulantur
755 2204 816 2286 ita,
853 2206 889 2267 ut
925 2203 1009 2267 idem
1047 2203 1158 2269 eodem
1195 2205 1306 2272 ordine

152 2307 286 2391 saepius
310 2287 497 2392 recurrants
516 2311 552 2372 ut
579 2309 614 2372 in
636 2309 768 2374 Horatii
797 2308 906 2393 lyricis
930 2313 962 2373 et
984 2309 1131 2374 iambicis
1155 2313 1306 2377 carmini-

151 2413 227 2478 bus.
272 2413 404 2499 Proprie
432 2418 542 2479 tamen
572 2415 607 2479 in
630 2415 827 2480 carminibus
851 2416 1028 2499 lyricorum
1053 2415 1249 2485 Graecorum
1274 2424 1306 2484 et

153 2519 378 2584 scaenicorum
406 2520 533 2604 stropha
562 2520 649 2586 dicta
677 2544 715 2586 ea
743 2543 926 2607 compages,
943 2544 1105 2610 versuum,
1140 2547 1221 2610 quae
1248 2527 1305 2592 ha·

150 2625 248 2692 beret
271 2625 414 2692 additam
439 2628 680 2713 antistropham
705 2633 738 2694 et
760 2629 908 2714 epodum.

622 2790 835 2799 ——-—-—-

618 2957 623 2966 ·
696 2917 770 2996 52.

487 3049 503 3084 '
564 3051 679 3108 INDEX
697 3053 899 3109 POETARUM

149 3161 208 3244 qui
233 3161 371 3226 maxime
400 3162 563 3245 pertinent
587 3161 626 3226 ad
650 3184 718 3227 rem
746 3164 912 3228 metricam
936 3163 1156 3231 Romanorum
1184 3189 1303 3254 cogno-

70 3291 75 3296 ·
149 3267 315 3334 scendum.

338 3450 346 3466 .
432 3375 462 3441 Ι.
495 3384 611 3456 Usque
635 3386 679 3441 ad
701 3389 849 3443 mortem
871 3387 1028 3457 Augusti.

716 3519 732 3584 I

244 3633 354 3700 Livius
384 3635 600 3721 Andronicus,
628 3634 739 3700 floruit
766 3636 807 3699 ab
837 3659 864 3701 a.
888 3637 953 3701 240
977 3660 1004 3702 a.
1029 3635 1103 3704 Ohr.
1132 3661 1231 3724 usquc
1262 3641 1302 3705 ad

149 3741 251 3805 finem
274 3741 341 3806 fere
364 3742 442 3806 belli
465 3741 578 3806 Punici
601 3741 740 3807 secundi.

245 3845 302 3912 On.
331 3848 480 3931 Nuculae,
512 3849 621 3913 floruit
650 3850 691 3913 ab
725 3871 752 3914 a.
786 3849 851 3914 235
889 3872 987 3934 usque
1020 3851 1059 3916 ab
1093 3852 1189 3916 finem
1225 3839 1301 3918 belli
1366 3853 1368 3858 ’

148 3954 264 4018 Punici
288 3955 430 4020 secundi.

242 4059 279 4125 Τ.
298 4059 440 4127 Maccius
463 4061 598 4130 Plautus
621 4062 733 4130 254-
746 4065 816 4129 184.

704 4223 745 4290 n.

129 4319 133 4327 '
242 4335 278 4412 o.
301 4337 428 4403 aaa-as
451 4339 646 4406 aec-ree.
794 4403 800 4412 .

240 4443 283 4509 M.
306 4444 462 4512 Pacarius
485 4447 680 4512 ano-132.
