3260 5292
614 471 732 526 CAPUT
752 473 785 526 ll.
1230 470 1270 535 31

109 637 241 720 pedem
267 637 403 718 sextum,
425 639 462 699 at
483 639 585 700 tamea
608 640 691 700 aeret
712 635 814 699 multo
838 633 943 720 magis
967 655 1064 717 quam
1085 627 1220 697 Plautus
1244 639 1277 697 et
1355 721 1359 725 .

111 741 312 826 Terentius,
337 763 376 807 ae
398 761 502 806 orsus
525 743 659 806 nimium
682 745 845 807 onerentur
867 760 994 806 numero
1016 741 1188 823 spondiaco.
1235 739 1273 804 ln

111 849 243 932 quinto
271 851 379 912 tamen
406 849 478 913 loco
506 869 609 932 paena
638 869 764 932 semper
791 847 885 932 ponit
914 847 1104 931 spondeum,
1131 847 1274 911 iambum

112 958 165 1020 ita
190 956 400 1040 plerumque,
424 957 460 1018 ut
483 954 617 1020 finiatur
640 977 749 1020 versus
778 953 934 1019 vocabulo
962 953 1034 1038 plus
1059 975 1156 1038 quam
1178 957 1276 1019 tetra!

112 1063 268 1148 syllaba,
299 1077 476 1146 numquam
510 1061 567 1145 sic,
606 1067 644 1126 ut
676 1061 807 1146 quintus
838 1082 896 1144 pes
930 1060 1087 1126 efficiatur
1118 1060 1277 1125 uocabulo

114 1170 288 1239 iambico..
323 1167 495 1234 Praeterea
519 1168 557 1234 of.
581 1191 612 1252 p.
635 1165 737 1233 xfed.
760 1167 834 1232 mai.

213 1281 260 1342 At
283 1281 470 1360 anapaestus
490 1296 548 1359 pro
568 1273 710 1359 spondeo
733 1273 839 1341 locum
863 1273 963 1338 iambi
982 1264 1161 1357 optinente
1173 1297 1193 1338 a
1211 1275 1276 1340 eul-

114 1382 253 1446 tissimo
274 1403 398 1467 quoque
422 1385 591 1466 poetarum
610 1381 801 1446 Latinorum
824 1381 946 1466 pariter
965 1384 1060 1464 atque
1080 1379 1276 1446 Graecorum

116 1490 255 1570 praeter
279 1488 419 1553 comicos
444 1488 617 1553 admodum
641 1487 811 1552 adhibetur
838 1509 921 1552 raro.
968 1485 1090 1552 Contra
1113 1485 1212 1565 idom,
1240 1491 1277 1551 ut

115 1597 251 1676 notum,
269 1595 304 1658 in
323 1593 554 1678 Aristophanis
575 1598 607 1659 et
626 1594 735 1659 Plauti
759 1615 796 1658 ac
817 1594 952 1659 Terentii
974 1593 1094 1686 fabulis
1113 1593 1278 1658 invenitur

116 1700 203 1765 locis
229 1700 418 1766 innumeris.
460 1699 582 1766 Seneca
605 1705 714 1766 tamen
736 1701 771 1764 in
793 1703 843 1765 tot
866 1699 998 1764 milibus
1018 1721 1177 1786 versuum,
1202 1722 1274 1765 cum

117 1807 319 1888 praesertim
343 1830 362 1872 a
385 1808 584 1892 paenultima
607 1807 688 1892 pede
713 1807 825 1872 abesse
848 1806 1005 1871 voluisset
1027 1805 1186 1890 iambum,
1210 1829 1275 1872 non

118 1914 234 1996 potuit
257 1935 324 1978 non
347 1915 395 1979 uti
420 1936 515 1998 saepe
539 1917 725 1998 anapaesto.

213 2017 389 2084 Praeterea
417 2021 458 2086 ab
487 2020 610 2104 optimc
635 2041 762 2105 quoque
785 2022 915 2086 auctore
938 2023 1082 2105 cauetur,
1111 2041 1152 2085 ne
1176 2020 1277 2084 thesis

80 2109 84 2116 ¹
120 2126 297 2209 anapaesti
329 2147 388 2210 pro
421 2126 564 2212 spondeo
597 2127 697 2211 positi
716 2127 854 2192 ,duobus
882 2127 1084 2194 contineatur
1111 2125 1277 2192 vocabulis

45 2264 59 2274 -
121 2233 180 2294 aut
195 2253 275 2296 uno
298 2231 456 2316 disyllabo
474 2239 600 2316 praeter
616 2235 725 2316 pedem
742 2234 900 2316 primurm
925 2255 1028 2320 neque
1052 2233 1157 2318 magis
1176 2233 1277 2304 thesis

120 2337 296 2421 anapaesti
319 2338 394 2403 talis
418 2337 452 2402 in
475 2339 573 2404 finem
597 2337 747 2422 dactylici
770 2339 856 2404 cadit
883 2340 981 2405 verbi.
1027 2339 1142 2424 Itaque
1166 2340 1277 2404 vitiosi

123 2447 201 2508 sunt
224 2466 338 2510 versus
361 2445 411 2510 hi:

290 2569 426 2654 imperia
451 2590 548 2635 saeva
571 2591 637 2634 non
660 2590 790 2636 manere
811 2571 928 2652 queunt
951 2569 1013 2634 diu.

290 2675 337 2738 nil
360 2674 460 2740 Troia
482 2676 563 2740 vidit
588 2676 743 2742 maestius
766 2697 820 2741 acc
842 2677 998 2742 acerbius.

290 2802 357 2845 non
376 2803 433 2846 vos
453 2785 490 2846 ut
512 2781 624 2848 hostes
647 2782 810 2867 recipiam,
833 2784 886 2848 scd
906 2787 942 2848 at
964 2781 1118 2867 hospites.

291 2887 412 2952 crinem
437 2887 543 2952 saluta
565 2886 698 2952 Maenas
722 2909 763 2952 en
785 2886 852 2953 ruit
873 2888 999 2955 enthea.

290 2993 392 3059 fertur
415 2994 548 3060 deorum
571 3015 647 3078 rege
669 2999 815 3078 precatus
838 2993 1003 3061 Hercules.

125 3131 164 3198 ln
191 3136 282 3200 thasi
307 3139 417 3202 tamen
440 3137 603 3221 disyllaba
629 3136 831 3200 admittenda
858 3133 992 3220 Seneca,
1020 3137 1195 3224 interdum,
1223 3140 1279 3204 sed

126 3241 303 3324 rarissime,
325 3242 445 3327 aliquid
469 3243 533 3308 sibi
557 3243 655 3308 sumit
677 3242 825 3307 licentiae
839 3242 883 3306 in
906 3242 987 3326 pade
1011 3245 1133 3330 quinto.

180 3353 190 3364 “
218 3346 342 3414 Oontra
365 3349 503 3433 legitimi
526 3349 695 3433 anapaesti
719 3351 794 3413 sunt
816 3347 865 3412 hi:

241 3473 370 3537 inferna
392 3473 515 3558 tetigit,
538 3476 650 3558 posset
672 3476 709 3537 ut
730 3492 843 3554 sapere
867 3472 1011 3557 adsequi.

238 3581 450 3665 pavidamque
474 3581 615 3664 leporem
640 3581 673 3642 ct
697 3578 855 3644 advenam
878 3579 984 3661 laqueo
1008 3599 1129 3664 gruem.
1208 3561 1209 3566 ἵ

243 3685 382 3751 sublime
405 3687 523 3750 classes
548 3685 635 3749 sidus
658 3684 822 3767 Aryolioos
845 3687 921 3770 agit.

242 3814 328 3857 nunc
352 3793 522 3878 gloriantis
546 3791 724 3876 quamlibet
746 3795 971 3859 mulierculam.

219 3931 407 4017 Anapaesto
426 3934 624 4014 iniambieo
643 3911 746 3999 metrd
767 3935 897 3999 omnino
916 3935 1101 4000 abstinuere
1120 3934 1283 4022 Catullus,

133 4032 298 4123 Vergilius
325 4041 359 4104 in
387 4041 565 4123 catalectio,
593 4043 740 4106 auctores
764 4039 987 4125 Priapcorum,
1016 4042 1172 4108 Horatius
1189 4065 1281 4128 proe-

133 4143 177 4202 ter
199 4147 359 4212 trimetros.
401 4133 486 4222 Loco
510 4148 614 4239 primo
638 4147 795 4212 admisere
819 4146 935 4232 Varro,
959 4147 1097 4233 Persius,
1120 4149 1280 4215 Martialis

134 4245 166 4310 in
189 4248 427 4338 hipponacteis,
457 4254 563 4337 primo
589 4256 622 4317 et
644 4253 843 4338 paenultima
868 4253 1004 4318 Laevius
1028 4261 1057 4319 et
1077 4257 1112 4319 ia
1135 4257 1282 4322 trimetris

136 4352 296 4442 Horatius,
321 4359 377 4424 sed
396 4361 563 4443 quinquies,
587 4380 653 4424 non
672 4359 799 4444 saepius
824 4361 886 4442 [ap.
906 4361 936 4443 2,
955 4359 1012 4444 353
1037 4361 1093 4446 653
1117 4361 1147 4447 5,
1168 4363 1218 4427 79.
1239 4401 1280 4410 —

136 4458 169 4543 2,
192 4462 249 4549 353
276 4467 332 4550 11,
360 4466 430 4551 23],
463 4465 561 4530 etiam
598 4467 695 4531 tertio
730 4463 866 4550 Seneca,
901 4466 956 4551 qui
989 4467 1116 4551 quidem
1150 4472 1284 4552 propter
