3260 5292
326 367 369 431 56
808 362 926 420 CAPUT
945 361 990 417 IV.

416 529 517 594 Verbi
540 529 619 594 iasio
639 527 819 611 composita
835 548 894 610 per
915 546 1014 590 atacem
1036 525 1133 590 soleat
1156 522 1249 588 scribi
1270 521 1296 601 t,
1319 523 1355 584 ut
1378 520 1484 584 obicio

327 639 418 702 rateto
423 687 432 722 ,
456 637 511 701 sed
530 635 615 720 quod
633 655 735 720 paene
751 636 880 698 sonaret
892 635 931 716 ji.
967 631 1047 696 Post
1061 633 1198 694 mortem
1211 633 1321 692 tamen
1334 625 1486 711 Augusti

329 765 425 828 saepe
447 743 483 806 in
507 743 552 808 eis
576 740 773 825 praepositio
799 739 978 823 corripitur.
1030 737 1185 803 Similiter
1207 737 1327 818 ditupus
1349 734 1485 815 aicadri-

328 854 418 934 iapae
441 871 570 933 ¹semper
598 848 721 912 habent
751 845 1060 931 antepaenultimem
1089 845 1231 928 brevem,
1264 842 1488 928 pronuntian-

328 958 468 1042 dumquc
490 958 614 1040 biapaS,
637 956 836 1037 paadrtapaa

853 1151 882 1229 s.
905 1147 957 1212 aa.

425 1277 568 1341 Alteram
596 1281 639 1340 est
662 1295 758 1358 praeis
780 1265 1007 1355 contractionis,
1039 1294 1102 1355 quo
1126 1295 1224 1336 sonus
1248 1276 1389 1354 tantum,
1413 1295 1487 1336 non

332 1384 491 1468 scriptura
514 1383 604 1448 verbi
628 1385 772 1446 mutatur
794 1381 834 1444 ad
857 1378 1024 1444 vitandum
1047 1378 1184 1443 hiatum.
1236 1379 1287 1443 Ea
1310 1380 1374 1444 dici
1397 1381 1489 1444 solet

331 1492 479 1574 spataesis
501 1491 553 1554 vel
575 1489 763 1573 synaloephe.

420 1596 470 1662 Ac
493 1597 633 1680 primum
659 1595 787 1681 quidem
806 1592 1050 1658 memorandum
1071 1593 1273 1658 rarissimum
1292 1597 1361 1658 eta
1384 1595 1488 1660 bonis

333 1704 520 1768 auctoribus
540 1705 679 1768 alienum
705 1723 807 1788 genus
831 1699 1001 1784 synizesi8‚
1025 1700 1153 1784 quando
1172 1702 1186 1764 a'
1203 1701 1310 1764 brevis
1330 1705 1487 1784 sequente

334 1832 477 1874 consona
505 1811 665 1875 delitescit
693 1810 728 1872 in
751 1810 867 1890 metro,
895 1806 996 1870 veluti
1019 1805 1187 1875 Lueretius
1211 1809 1377 1872 oriaadaaa
1399 1808 1489 1871 dixit

333 1917 439 1981 tribus
463 1916 598 2000 syllabis
623 1919 655 1980 et
678 1917 826 1997 correpta
849 1935 874 1977 0.
924 1912 973 1976 De
1000 1912 1062 1977 hoc
1089 1913 1210 1978 dictum
1241 1915 1316 1978 dr.
1340 1937 1381 1978 m.
1405 1915 1486 1978 249.

421 2021 532 2106 Longe
555 2022 706 2086 usitatior
729 2025 778 2084 est
802 2043 839 2084 aa
863 2019 1033 2104 synizcsis‚
1056 2041 1118 2101 aaa
1142 2019 1184 2083 ‘t’
1208 2022 1253 2085 uel
1277 2019 1329 2086 ‘a’
1358 2026 1487 2086 auratae·

337 2134 388 2194 tar
409 2131 445 2194 ta
467 2149 639 2194 caesaram.

422 2234 511 2299 Haec
535 2236 690 2318 synizesis
713 2255 896 2318 numquam,
919 2257 959 2299 ne
979 2235 1063 2318 apud
1086 2235 1249 2299 scaenicos
1272 2235 1409 2320 quidem,
1434 2237 1486 2300 in-

334 2342 464 2407 venitur
496 2341 530 2405 in
565 2343 709 2406 versibus
742 2342 883 2406 iambicis
913 2343 959 2406 ael
992 2341 1164 2428 trochaicis,
1197 2345 1230 2406 et
1256 2341 1418 2406 rarissime
1442 2343 1488 2406 'in

335 2449 527 2532 loquacitate,
555 2471 592 2512 ac
614 2449 820 2532 potissimam
844 2449 878 2512 in
901 2449 1066 2530 dactylicis.
1117 2449 1223 2530 Nepae
1249 2449 1424 2514 admittitur
1450 2452 1486 2514 ta

336 2557 444 2620 mediis
467 2556 651 2636 compositis,
678 2559 715 2619 ut
743 2554 946 2620 scribendum
973 2555 1310 2641 pronuntiandumque
1337 2555 1379 2620 sit
1406 2577 1485 2621 seae-

336 2663 475 2740 aaa'maa
498 2682 641 2740 seaaesas,
665 2662 829 2741 seratam,
852 2683 918 2726 non
942 2665 979 2725 ut
1000 2663 1098 2747 vulgo
1118 2663 1155 2726 fit
1177 2665 1385 2746 sarajaatmaa
1407 2685 1486 2728 serre-

330 2770 423 2852 jesus²
445 2768 617 2852 seajaoao.
653 2767 704 2833 Ita
728 2773 760 2834 et
778 2768 973 2851 Sasqaaliaes
995 2769 1045 2832 vel
1066 2768 1235 2850 Sescattaes
1258 2770 1382 2835 dicitur.
1419 2771 1487 2836 Ex-

336 2876 426 2940 clusa
458 2879 508 2939 est
541 2875 651 2939 eadem
686 2898 705 2940 a
733 2876 1014 2960 coniugationibus
1032 2880 1175 2958 praeter
1203 2899 1306 2960 pauca
1336 2880 1487 2962 exempla

336 2982 633 3066 antiquissimorum
668 2986 699 3048 et
733 2982 1027 3048 recentissimorum
1059 2987 1237 3067 poetarum.
1282 2981 1350 3047 Nee
1377 2985 1486 3070 magis

336 3087 518 3152 admittitur
554 3090 682 3172 quando
726 3089 891 3173 geminata
931 3089 1095 3173 praecedit
1131 3111 1287 3174 consona,
1332 3091 1387 3154 sed
1423 3115 1486 3175 pro

330 3213 483 3277 passuum
515 3195 621 3260 dixere
642 3195 796 3260 Lucilius
829 3199 861 3260 et
888 3195 1049 3260 Martialis
1070 3217 1216 3280 passam,
1248 3217 1306 3280 pro
1336 3217 1487 3262 carram

342 3301 493 3382 Vaptltas
516 3323 654 3386 aarum,
678 3324 736 3386 pro
760 3308 904 3385 quattuor
927 3303 1052 3367 Ennius
1077 3307 1110 3366 et
1133 3300 1253 3367 Seneca
1274 3308 1413 3384 quadam
1445 3305 1487 3369 cf.

337 3407 413 3471 dr.
437 3430 477 3472 m.
501 3408 576 3474 256.
623 3407 724 3474 Simul
748 3432 770 3474 a
793 3413 826 3474 et
848 3412 861 3474 i
883 3413 1008 3474 mutare
1031 3411 1066 3474 iu
1093 3430 1252 3474 consonas
1276 3411 1364 3475 solus
1388 3408 1486 3501 susti-

336 3515 409 3578 nuit
433 3513 556 3579 Statius
575 3516 609 3580 in
628 3517 841 3600 comparativi
860 3518 966 3581 forma
985 3517 1107 3598 major.
1144 3514 1219 3580 Alia
1238 3517 1384 3600 exempla
1403 3519 1487 3582 satis

275 3669 277 3672 -
337 3621 436 3686 durae
460 3621 614 3706 synizesis
639 3627 716 3687 sunt
737 3625 832 3687 victas
851 3623 1046 3707 disyllabum
1068 3623 1157 3706 apud
1171 3624 1355 3702 Horatium,
1378 3627 1487 3688 amata

338 3728 423 3811 apud
455 3729 631 3810 Verpttiam.
681 3729 849 3794 Invenitur
874 3729 954 3794 haee
982 3729 1139 3813 synizesis
1169 3730 1307 3794 maxime
1332 3729 1486 3795 invoca-

337 3834 424 3898 bulis
448 3834 542 3898 aliter
563 3857 696 3900 numero
720 3835 879 3921 dactylico
902 3836 1032 3921 ineptis,
1055 3837 1235 3922 etquidem
1259 3839 1294 3901 ta
1316 3837 1487 3901 ttcaametri

331 3942 409 4024 peda
426 3942 539 4026 primo,
562 3944 682 4025 palato,
705 3947 796 4007 scat.
1264 3931 1266 3935 ’
1469 3943 1471 3950 ’

426 4046 539 4132 Itaque
571 4047 737 4114 Lucretius
771 4051 899 4134 saepius
932 4050 1125 4114 adiectivum
1158 4051 1256 4114 teaate
1286 4047 1435 4112 adhibuit
1466 4071 1487 4113 a

338 4157 464 4220 mutata
497 4154 531 4235 in
564 4160 752 4241 consonam,
783 4157 847 4222 nisi
879 4157 962 4221 forte
995 4156 1027 4220 id
1060 4156 1159 4220 traxit
1191 4178 1229 4219 ex
1257 4155 1381 4239 vulgari
1411 4177 1485 4238 pro-

338 4262 557 4346 nuntiatione,
581 4261 727 4327 Catullus
746 4264 780 4327 in
802 4263 971 4347 phalaecio
991 4265 1095 4327 metro
1114 4261 1195 4325 dixit
1213 4260 1398 4344 Oaaacrjaaa,
1416 4282 1486 4326 non

340 4367 425 4432 alibi.
477 4367 522 4432 At
542 4357 701 4452 ¹Verptltac
728 4370 825 4436 vicies
853 4371 904 4436 bis
933 4392 971 4434 ea
998 4391 1074 4434 usus
1099 4368 1236 4453 synizesi
1261 4369 1295 4432 in
1318 4367 1485 4432 vocabulis
