3260 5292
802 399 922 455 CAPUT
942 401 961 454 Ι.

777 595 810 652 lI.
840 596 987 652 odarum.

378 691 422 755 ,Ι.
462 687 697 771 asclepiadeum
725 687 874 772 primum.
930 686 1068 754 Constat
1100 693 1299 776 asclepiadeo
1332 693 1466 759 minore

310 796 351 885 [1,
377 798 408 880 1;
432 795 496 878 111,
520 799 577 882 303
600 793 659 875 lv,
684 797 735 877 8].·
796 865 802 876 ,

400 1281 442 1344 ΙΙ.
475 1279 711 1363 asclepiadeum
735 1277 920 1342 secundum.
965 1275 1103 1342 Constat
1125 1280 1225 1344 ternis
1248 1279 1469 1364 asclepiadeis

312 1388 492 1454 minoribus
523 1389 556 1450 et
575 1385 723 1470 ‘siugulis
754 1383 930 1468 glyconeis.
983 1383 1033 1448 Eo
1056 1384 1213 1452 Horatius
1239 1394 1315 1452 usu's
1338 1387 1469 1452 novies,

212 1844 219 1856 ⁸
252 1912 259 1920 .
362 1925 364 1932 ‚
403 1852 461 1917 ΠΙ.
496 1848 730 1933 asclepiadeum
758 1846 900 1910 tertium.
951 1844 1088 1912 Constat
1117 1801 1306 1916 binisascl.
1330 1852 1407 1916 min.
1433 1857 1473 1918 et

316 1961 453 2048 singulis
476 1955 694 2050 pherecrateis
718 1957 751 2018 et
774 1951 947 2037 glyconeis.
991 1953 1041 2017 Εο
1065 1953 1142 2020 Hor.
1166 1979 1244 2020 usus
1267 1958 1394 2042 septies.

406 2417 464 2506 IV.
496 2436 733 2522 asclepiadeum
761 2437 923 2518 quartum.
969 2433 1106 2500 Constat
1134 2436 1269 2521 singulis
1300 2439 1470 2523 glyconeis

224 2577 228 2583 ·
320 2551 352 2612 et
375 2544 584 2630 asclepiadeis
608 2542 789 2627 duplicatis.
834 2540 921 2605 Vsus
945 2563 982 2605 eo
1005 2539 1084 2605 Hor.
1108 2541 1286 2608 duodecies.

411 3027 450 3092 V.
483 3023 718 3107 asclepiadeum
747 3009 905 3106 quintum.
950 3019 1087 3086 Constat
1115 3023 1314 3107 asclepiadeo
1345 3026 1472 3090 maiore

323 3133 365 3218 [1,
391 3131 595 3215 11.1a1v,
622 3131 685 3210 10].

413 3614 469 3679 vl.
502 3612 691 3696 sapphicum
719 3610 831 3693 prius·
863 3608 1001 3673 Constat
1024 3609 1178 3692 sapphico
1205 3610 1324 3674 maiore
1349 3613 1400 3675 ter
1424 3635 1477 3678 re-

325 3721 427 3805 petito
451 3723 484 3783 et
506 3719 630 3784 adonio
676 3717 725 3782 Eo
750 3738 827 3780 usus
851 3715 929 3780 Hor.
951 3715 1049 3779 vicies
1073 3737 1136 3781 sex.

417 4197 489 4263 Vll.
512 4199 700 4282 sapphicum
711 4199 856 4263 alterum.
883 4173 1019 4263 Constat
1029 4197 1201 4281 duplicatis
1212 4219 1306 4262 versu
1317 4199 1480 4283 sapphico

329 4306 452 4369 minore
481 4308 514 4368 et
541 4307 658 4392 coqui
685 4305 804 4370 mixtus
828 4307 938 4369 estex
961 4305 1082 4370 maiore
1110 4305 1264 4390 sapphico
1293 4308 1326 4368 et
1348 4307 1482 4375 minore

258 4481 261 4486 ,
329 4410 372 4492 [L
396 4413 439 4492 8].
