3260 5292
624 497 743 553 CAPUT
762 499 782 551 Ι.
1236 497 1277 559 ll

130 658 243 724 radiae
266 659 561 744 legespeccarunt.
598 659 762 724 Praeterea
789 679 811 722 a
832 659 951 724 saconia
969 657 1036 722 III
1050 680 1082 741 p.
1102 656 1185 738 Cirr,
1213 658 1277 724 for·
1375 723 1379 738 ,

128 768 219 830 tasse
247 769 280 830 et
307 766 411 850 prius,
439 767 590 849 componi
622 769 736 849 coepta
760 769 836 830 sunt
862 766 1003 830 coracino
1029 763 1213 848 rltptllmice,
1245 767 1279 830 in

131 871 249 955 quibus
277 873 426 957 neglecta
460 873 641 957 quantitate
669 873 868 956 syllabarum
897 874 1046 936 accentus
1074 872 1279 954 potissimum

131 977 362 1062 grammaticus
396 979 430 1041 in
459 978 637 1061 posteriore
674 979 759 1042 certa
792 999 902 1042 versus
934 980 1026 1061 parte
1054 982 1200 1043 servatur
1228 979 1281 1060 [of.

132 1105 209 1170 pgg.
233 1086 300 1149 445
324 1107 391 1170 sqq.
416 1085 435 1149 l.
459 1087 513 1166 n.].
566 1084 711 1169 Denique
736 1085 790 1170 qui
814 1085 912 1149 medio
935 1106 1018 1168 acac,
1049 1085 1135 1168 quod
1159 1086 1282 1170 dieitur,

133 1193 281 1256 carmina
304 1192 451 1255 fecerunt
473 1191 584 1274 latina,
603 1195 726 1274 praeter
751 1191 918 1272 Vcrpiliam
943 1189 1144 1272 Ovidiirmqne
1165 1196 1195 1255 et
1215 1192 1282 1256 Ho-

75 1285 80 1294 ’
132 1299 251 1362 ratimn
280 1298 456 1381 plurimum
489 1301 565 1362 sunt
593 1297 693 1361 secuti
715 1301 823 1378 poetas
850 1297 1064 1361 Romanorum
1087 1298 1283 1383 christianos,

133 1405 355 1488 Prudentinm,
378 1405 538 1488 Raetiam,
567 1404 767 1486 Venantinm,
792 1403 873 1469 alios
899 1403 951 1486 [cf.
976 1403 1004 1467 d.
1018 1388 1052 1468 r.
1075 1427 1116 1468 m.
1140 1405 1207 1485 99].

225 1508 275 1574 De
302 1511 407 1594 poetis
436 1511 490 1594 qui
519 1511 649 1574 fuerunt
676 1513 752 1593 post
778 1507 964 1594 Augustum
992 1509 1112 1574 dictum
1141 1510 1170 1574 d.
1193 1535 1218 1576 r.
1242 1535 1284 1578 m.

134 1617 180 1680 94
189 1653 227 1663 —
238 1617 309 1681 100.

671 1723 744 1803 §9-

227 1845 300 1912 Iam
330 1846 544 1912 Romanorum
573 1853 671 1912 artem
694 1848 852 1912 metricam
875 1848 1070 1927 comparanti
1098 1871 1168 1915 carn
1192 1849 1287 1914 Grae·

137 1973 244 2016 coram
270 1959 400 2035 apparet
424 1953 505 2018 lanc
526 1959 687 2038 praestare
709 1956 909 2037 proprietate,
941 1955 1099 2040 uarietate,
1126 1960 1288 2034 venustate,

140 2059 285 2144 libertate,
308 2060 462 2125 interdum
490 2063 583 2126 ctiam
607 2063 737 2140 levitate,
760 2061 849 2126 illam
874 2081 963 2139 cara,
986 2062 1154 2139 severitate,
1177 2081 1288 2142 aeqna-

140 2167 241 2250 litate,
263 2167 478 2251 concinnitate,
500 2189 537 2232 ac
559 2189 793 2250 nonnnmqnam
816 2169 997 2232 morositate.
1042 2165 1204 2233 Nimirum
1227 2166 1290 2231 Ro·

140 2272 232 2336 mani
262 2273 391 2337 caclnsis
415 2272 604 2340 Graecorum
633 2275 765 2340 licentiis
782 2275 939 2356 plerisque
963 2273 1073 2338 omnia
1096 2273 1135 2337 ad
1159 2295 1289 2338 normas

140 2381 335 2444 revocarunt
348 2377 545 2444 certissimas
560 2379 840 2463 firmissimasque,
865 2383 900 2443 ut
918 2383 1005 2445 recte
1024 2379 1111 2444 dicat
1130 2378 1290 2443 Martialis

143 2486 258 2570 [epigr.
281 2483 343 2568 lx,
369 2485 423 2568 11,
450 2486 504 2565 17]
528 2485 638 2551 Musas
663 2485 703 2550 ab
728 2486 774 2550 eis
797 2485 900 2550 cultas
925 2487 1109 2550 severiores.

234 2591 278 2656 In
295 2591 440 2674 clipenclis
459 2597 561 2657 tamen
584 2598 653 2675 apte
675 2593 718 2656 act
733 2593 898 2656 materiam
917 2593 1067 2657 carminis
1084 2593 1189 2657 metris
1207 2592 1292 2655 idem

143 2697 320 2782 aliquando
353 2697 520 2763 inferiores
549 2697 692 2783 Graecis,
725 2700 863 2763 maxime
895 2699 955 2781 illi,
984 2698 1037 2780 qui
1069 2697 1200 2762 fuerunt
1223 2703 1294 2779 post

143 2805 365 2888 Hadrianum,
387 2806 506 2889 quippe
530 2807 585 2889 qui
608 2806 696 2870 varia
715 2806 765 2869 vel
790 2805 939 2882 abstrusa
960 2807 1065 2868 metra
1088 2805 1187 2888 pluris
1211 2805 1296 2868 fece!

144 2914 213 2977 rint
250 2933 348 2996 quam
380 2917 458 2996 apta
490 2913 644 2978 materiae
677 2915 709 2976 et
742 2932 893 2996 congrua.
945 2909 1054 2975 Veluti
1082 2911 1201 2975 sacculo
1231 2907 1299 2972 ΙΙΙ

144 3020 253 3101 Alfius
282 3018 396 3084 Anitns
427 3018 527 3082 libros
560 3017 798 3101 excellentium,
836 3038 959 3082 carmen
991 3019 1122 3100 epicam,
1155 3017 1295 3080 dimetris

144 3125 290 3190 iambicis
311 3125 497 3207 conscripsit.
543 3121 611 3189 oet.
635 3123 673 3189 cf.
697 3123 725 3188 d.
751 3146 776 3188 r.
799 3145 840 3188 m.
866 3123 1059 3188 100-104.

678 3410 697 3488 ξ
723 3408 772 3472 10.

248 3533 457 3600 Vsitatissinra
487 3533 573 3614 apncl
593 3533 755 3614 dactylicos
777 3531 991 3595 Rornanorum
1017 3535 1115 3595 metra
1138 3531 1256 3614 (eornm
1279 3553 1299 3596 a

145 3663 200 3709 me
226 3642 254 3706 a.
284 3642 303 3705 l.
331 3641 543 3706 adscribentur
570 3641 702 3721 optimae
728 3643 757 3702 ct
778 3637 1019 3720 perfectissimae
1042 3639 1217 3720 caedemque
1237 3637 1298 3718 tie-

145 3749 375 3834 qnentissimao
391 3747 525 3830 specics).
1175 3739 1177 3743 ’

446 3933 615 4004 Simplicia
639 3923 680 4004 [d.
699 3945 724 3987 r.
743 3945 784 3987 m.
806 3921 941 3987 ros-1
968 3921 1012 4002 2].

427 4085 452 4150 Ι.
492 4083 678 4164 Dactylicu
706 4083 748 4164 [d.
772 4105 795 4146 r.
819 4106 859 4146 m.
886 4080 961 4164 105,
988 4081 1031 4160 6].

245 4191 270 4257 Ι.
303 4192 488 4256 hexameter

150 4389 220 4456 Hie
245 4387 416 4452 adhibetur
439 4387 474 4450 in
497 4375 596 4471 epicis
620 4384 815 4448 carminibus
839 4386 871 4446 et
893 4383 1081 4467 plerumque
1110 4380 1143 4443 iu
1167 4380 1305 4445 satiricis

151 4517 194 4562 ac
219 4491 385 4556 didacticis
409 4491 640 4575 lrucolieisque,x
667 4491 744 4588 item
767 4490 800 4556 in
825 4488 973 4572 epistulis
997 4487 1128 4551 Horatii
1150 4509 1209 4551 nee
1232 4508 1305 4550 raro

212 4607 298 4647 Surum.
314 4609 374 4646 matr.
391 4607 448 4658 Lat,
462 4617 502 4648 scr.
518 4607 542 4645 1..
558 4605 687 4645 Marsuas.
1131 4597 1146 4644 2
