3360 5292
363 462 404 525 10
855 463 974 520 CAPUT
993 465 1013 521 l.

361 626 404 690 cis
417 625 545 692 Latinis
558 647 620 693 non
634 628 869 694 suntadhitita.
903 628 966 710 Qui
980 630 1084 713 potius
1098 629 1220 695 laudem
1233 607 1543 711 quomunculam?
1654 697 1655 700 ,

360 735 494 801 cotendis
512 737 775 819 perpoliendaque
798 739 854 822 eis,
881 758 960 820 quae
978 738 1254 820 primus‘uouurat
1275 737 1335 802 ille.
1381 736 1430 801 Ex
1456 736 1511 801 his

360 842 503 907 Lucilius
534 841 653 908 omisso
678 843 810 910 sotadeo
838 845 873 908 in
896 844 1014 908 saturis
1038 844 1187 910 adhibuit
1200 846 1373 926 ,trimetros
1396 843 1510 909 iambi-

361 969 416 1012 cos
443 951 478 1012 ct
506 947 687 1014 trochaicus
711 953 919 1016 tetrametros
943 951 1163 1037 catalecticos,
1194 951 1409 1037 elegantiores
1432 950 1509 1014 illos

361 1055 528 1138 aliquanto
553 1077 649 1138 quam
669 1060 747 1121 sunt
763 1056 871 1122 Plauti
890 1059 941 1122 vel
959 1058 1110 1143 Terentii,
1134 1062 1167 1124 et
1189 1059 1328 1124 disticha
1350 1057 1511 1122 omnium-

362 1183 424 1246 que
440 1161 700 1245 frequentissime
719 1162 932 1230 hexametros.
965 1163 1064 1230 (iuius
1084 1165 1185 1230 secuti
1200 1165 1381 1249 exemplum
1400 1167 1510 1248 poste-

362 1268 457 1333 rioris
482 1269 638 1352 temporis
662 1272 789 1354 poetae,
812 1271 981 1355 HoratiuS,
1003 1271 1148 1356 Persius,
1171 1271 1349 1356 Iuvenalis,
1372 1271 1511 1350 Turnus,

362 1375 402 1438 ad
427 1377 554 1440 saturas
579 1376 763 1441 scribendas
787 1379 857 1443 solo
881 1381 957 1442 sunt
978 1378 1029 1443 usi
1052 1379 1248 1443 hexametrO.
1273 1413 1311 1423 -
1338 1377 1452 1442 Accius
1474 1377 1510 1441 in

361 1481 559 1547 carminibus
574 1482 741 1547 didactieir
757 1482 905 1548 adhibuit
920 1485 1136 1565 hexametros,
1155 1485 1323 1550 trimetros
1343 1483 1510 1567 iambicos,

361 1591 568 1654 tetrametros
591 1589 773 1656 trochaicus
798 1593 905 1676 catal,
929 1592 1089 1662 sotadeos.
1131 1589 1132 1594 ’

389 1759 390 1764 ,
451 1693 501 1758 De
515 1695 615 1760 Ennii
631 1699 663 1761 et
683 1719 793 1763 eorum
813 1699 868 1784 qui
887 1699 1023 1764 insecuti
1044 1702 1120 1764 sunt
1138 1720 1212 1765 eum
1229 1701 1375 1783 tempore
1393 1695 1511 1763 studiis

362 1803 505 1868 metricis
529 1801 650 1868 dictum
673 1803 702 1869 d.
725 1827 749 1870 r.
773 1827 814 1870 m.
838 1805 979 1872 65-73.
1016 1829 1020 1839 ·

901 2003 975 2083 §b

453 2125 576 2190 Verum
600 2125 755 2192 Ciceronis
781 2133 879 2192 aetate
906 2127 1048 2192 rationes
1072 2129 1226 2192 metricae
1248 2127 1348 2192 Ennii
1372 2129 1406 2191 et
1428 2125 1511 2190 anti-
1582 2193 1591 2208 .

365 2232 513 2316 quiorum
541 2232 679 2296 multum
708 2236 784 2298 sunt
811 2234 1009 2300 immutatas.
1055 2235 1142 2299 Nam
1169 2255 1238 2298 urm
1265 2235 1324 2299 alii
1349 2239 1385 2298 ut
1406 2231 1510 2299 Oicerc

363 2343 392 2403 ct
418 2339 580 2406 Lucetius
611 2340 721 2406 huram
747 2347 943 2424 sequerentur
963 2343 1154 2424 paucitatem
1183 2323 1363 2418 metrorum,
1391 2339 1450 2404 alii
1475 2343 1512 2403 ut

364 2445 513 2530 Laeuim,
543 2447 657 2532 Varro,
681 2447 835 2533 Catullus,
857 2450 975 2513 imitati
995 2454 1104 2532 poetas
1126 2449 1371 2531 Alenuudriuos,
1394 2447 1510 2510 mirum

363 2558 515 2636 quantum
549 2555 772 2618 adamaverunt
804 2558 1037 2641 nclupscpc'cu.
1100 2555 1214 2639 Itaque
1245 2554 1330 2638 apud
1357 2553 1511 2617 Laeuium

287 2671 289 2676 '
364 2662 399 2726 in
430 2664 523 2726 tanta
554 2661 761 2746 reliquiarum
793 2662 860 2726 eius
893 2661 1071 2728 carminum
1107 2663 1269 2747 paucitate
1301 2661 1511 2726 inveniuntur

365 2772 470 2832 metra
483 2766 523 2846 X,
543 2766 626 2851 apud
641 2753 822 2834 Varronem
841 2769 875 2833 in
894 2773 1075 2834 saturarum
1090 2770 1332 2854 Menippearum
1350 2767 1511 2852 fragmen·

365 2875 408 2939 tis
432 2875 516 2939 circa
538 2873 640 2958 XXV,
664 2875 698 2937 in
717 2871 836 2940 Catulli
858 2876 941 2941 libro
960 2875 1047 2941 XIV.
1089 2874 1240 2940 Ceterum
1263 2872 1376 2938 Laevii
1401 2875 1433 2936 et
1455 2871 1512 2956 qui

366 2981 469 3046 isdem
487 2983 663 3046 metrorum
683 2982 864 3046 rationibus
883 2985 960 3046 sunt
977 2982 1028 3047 usi
1047 2985 1144 3067 atque
1162 2982 1217 3046 ille
1236 2980 1415 3046 carminum
1438 2977 1511 3041 reli-

366 3089 459 3174 quiae
481 3087 691 3153 inveniuntur
717 3088 751 3152 iu
779 3089 954 3173 appendice
981 3088 1130 3153 editionis
1159 3086 1278 3153 Catulli
1307 3086 1383 3151 libri
1411 3083 1512 3167 [Lips.

369 3197 478 3280 18701.

455 3301 506 3366 Ex
537 3301 587 3366 his
615 3300 753 3366 Laevius
785 3306 819 3367 et
832 3279 836 3288 Δ
849 3291 954 3369 Varro
987 3303 1084 3367 etiam
1116 3299 1258 3367 iambica
1290 3300 1446 3386 quaedam
1479 3303 1512 3363 et

366 3409 530 3474 trochaica
550 3412 653 3474 metra
672 3409 783 3490 eadem
803 3432 867 3493 qua
886 3409 1011 3475 Ennius
1031 3413 1063 3474 et
1081 3409 1223 3474 Lucilius
1246 3407 1379 3473 licentia
1396 3405 1512 3490 podica

367 3515 554 3599 adhibuere,
582 3538 654 3581 cum
684 3515 830 3581 Catullus
865 3516 899 3580 in
928 3517 1043 3582 iambis
1072 3516 1162 3602 (nam
1185 3515 1346 3580 trochaeis
1374 3519 1515 3580 nonest

367 3622 459 3711 usus)
484 3623 626 3707 spondeo
645 3646 822 3708 numquam
841 3625 1037 3690 concesserit
1060 3626 1167 3690 locum
1194 3623 1257 3687 nisi
1280 3623 1314 3686 in
1332 3622 1511 3706 imparibus

368 3731 513 3816 pedibus.
553 3729 615 3795 Hic
639 3733 747 3796 autem
771 3753 843 3796 cum
862 3730 971 3816 Calvo,
995 3729 1106 3813 Cinna,
1129 3729 1391 3812 Bibaculo,.aliis
1415 3727 1512 3812 pluri-

369 3861 456 3902 mum
489 3837 668 3903 delectatus
701 3841 760 3903 est
782 3839 929 3904 trimetris
959 3838 1167 3920 hepponucteis
1200 3836 1311 3902 eadem
1340 3836 1511 3902 severitate

306 4013 310 4030 ,
369 3945 449 4009 artis
476 3946 659 4030 perpolitis,
687 3967 750 4030 qua
776 3945 840 4028 ipsi
868 3945 919 4008 usi
944 3949 1021 4010 sunt
1044 3943 1172 4028 Graeci,
1200 3947 1233 4008 et
1254 3943 1512 4030 hendecasyllabis

364 4049 543 4136 phalaeciis.
588 4054 634 4117 Et
660 4052 694 4117 hi
720 4053 841 4134 quidem
859 4051 1025 4135 populures
1052 4053 1219 4118 admodum
1242 4057 1271 4116 et
1291 4053 1405 4134 ccepti
1424 4052 1513 4132 'ficere

370 4159 523 4225 Romanis
545 4160 700 4241 usquead
720 4159 814 4242 hiram
838 4160 1010 4224 litterarum
1030 4159 1227 4244 Latinarum,
1250 4161 1300 4224 illi
1322 4164 1398 4223 certe
1420 4179 1513 4240 usque

369 4268 413 4330 act
438 4265 552 4330 saeculi
574 4265 598 4330 1
616 4288 650 4349 p.
674 4263 745 4332 cur.
773 4267 896 4331 ercitum.
942 4265 1107 4332 &aeterua
1130 4265 1271 4331 Catullus
1297 4265 1444 4332 adhibitis
1466 4285 1511 4346 sp·

369 4374 506 4439 sternatis
525 4373 740 4456 ptpcouccrum
766 4378 795 4438 et
819 4373 1078 4456 pherecratecrem
1106 4373 1249 4439 imitatus
1276 4377 1320 4438 est
1346 4372 1458 4437 Ionum
1486 4377 1514 4435 ct

371 4477 578 4545 Arracrecnh's
593 4481 704 4563 poesin
727 4481 856 4564 lyricum
878 4500 932 4544 uec
954 4481 1059 4544 miuus
1080 4479 1206 4563 stropha
1228 4479 1375 4563 sepphim
1397 4481 1514 4544 suauis
