3260 5292
662 439 781 496 OAPUT
800 442 848 509 IV,
1286 443 1328 508 75
1364 519 1371 532 ἡ

182 609 239 668 aut
260 569 425 688 duplicato
452 625 584 670 oousooo
611 609 669 669 aot
656 605 772 670 tduao
798 625 946 672 consonae
976 607 1220 690 qualescumque,
1252 629 1330 755 quae

182 731 245 777 ooo
267 712 332 776 siut
353 715 440 776 muto
462 717 491 776 ot
513 709 640 794 tiqroo'do.

273 818 318 883 At
346 824 484 902 sequente
505 823 593 884 muta
620 820 705 884 moui
730 819 775 904 (a,
791 840 831 904 p,
854 819 949 904 t)ool
976 821 1117 902 aspirata
1143 819 1208 906 (air,
1230 823 1258 906 s,
1282 821 1330 906 ro)

182 943 251 991 auro
279 926 399 1008 liquida
426 927 483 991 aut
509 931 581 990 auto
554 926 655 1009 t,br
683 927 734 1011 dr,
758 947 797 1010 pr
824 927 940 1004 moveor
961 929 1170 1009 praecedentis
1195 928 1330 1012 syllabae

182 1033 313 1098 roano
336 1053 452 1115 sempor
474 1038 503 1097 ot
523 1033 653 1115 produci
676 1033 789 1098 lioott
760 1039 800 1118 ot,
822 1035 1025 1116 quarraria
1041 1036 1093 1120 ot,
1115 1035 1237 1118 corripi.
1280 1032 1329 1099 Cf.

183 1139 211 1203 d.
243 1161 268 1204 r.
301 1161 342 1203 m.
375 1139 455 1224 314,
489 1138 539 1204 15.
597 1138 711 1224 Itaque
742 1139 777 1204 in
813 1162 879 1205 uno
913 1140 1089 1226 eodemque
1121 1164 1215 1208 versu
1248 1141 1329 1206 dixit

184 1245 327 1312 Ouidius:
678 1260 683 1268 ·

315 1356 348 1417 et
370 1353 510 1437 primum
534 1352 649 1418 similis
672 1354 809 1439 volutari,
831 1375 907 1418 mox
930 1373 1006 1418 rara
1028 1354 1182 1438 volueris,

183 1482 215 1543 et
237 1477 410 1544 Horatius:

440 1588 473 1650 ot
495 1583 617 1670 Lycum
640 1585 743 1670 nigris
768 1587 869 1652 oculis
892 1589 1062 1672 nigroque.

270 1707 419 1775 Ceterum
433 1709 468 1776 in
483 1710 621 1774 latrandi
634 1711 792 1775 vocabulo
808 1711 947 1794 primum
963 1731 984 1774 a
994 1713 1110 1774 natura
1124 1714 1174 1776 est
1187 1712 1330 1797 longum,

181 1838 247 1881 non
266 1815 438 1900 positione.
467 1813 614 1900 Synoope
629 1815 715 1881 facta
734 1815 850 1882 dicitur
863 1812 959 1900 stupra
973 1819 1010 1882 et
1022 1812 1199 1902 disciplina,
1218 1822 1331 1884 contro

183 1945 310 2007 semper
333 1923 501 2006 maotplas.

274 2028 320 2094 At
333 2049 512 2113 numquam
525 2033 664 2112 possunt
678 2029 795 2114 corripi
810 2030 949 2115 vocales,
969 2052 1048 2114 quas
1064 2034 1242 2116 sequuntur
1257 2055 1330 2097 oon-

183 2158 336 2202 sonarum
359 2136 526 2200 iuncturae
549 2140 734 2202 constantes
759 2159 797 2202 ex
823 2136 937 2201 mediis
961 2134 1007 2220 (q,
1031 2137 1048 2201 b
1053 2137 1176 2221 ‚eruo
1199 2137 1330 2223 liquidis

182 2244 247 2308 lm
270 2263 300 2329 o.
351 2242 465 2327 Itaque
494 2262 552 2327 pro
575 2263 702 2328 opponas,
730 2233 942 2396 quandoq
934 2245 984 2307 est
1013 2243 1109 2309 breve
1134 2267 1260 2330 semper
1282 2269 1331 2311 re-

180 2349 367 2434 ponendum
389 2369 507 2432 aquosos.

271 2455 339 2522 Cot.
363 2455 401 2522 of
425 2455 453 2521 d.
476 2477 501 2519 r.
524 2477 566 2519 m.
590 2453 702 2519 313-
709 2455 784 2521 316.

632 2669 641 2700 “
708 2685 803 2766 sas.

270 2810 318 2876 At
339 2812 374 2876 iu
396 2812 457 2894 fiae
479 2811 638 2876 vorborum
656 2810 802 2875 collocata
824 2810 906 2876 irrora
928 2812 1025 2876 oooaio'
1042 2817 1071 2876 ot
1087 2818 1225 2893 soquooto
1243 2819 1330 2877 mota

181 2937 252 2982 auru
279 2918 398 3000 loquida
418 2921 544 3000 praetor
574 2915 646 3000 ‘pu'
673 2937 791 2999 sempor
817 2921 921 3012 ruauot
950 2919 1063 2984 oooato's
1094 2919 1191 2983 mauis
1218 2922 1255 2983 ut
1286 2921 1330 2984 ro'·

181 3024 285 3088 aratro
302 3029 408 3106 prata.
447 3022 509 3088 Sed
528 3044 586 3107 pro
606 3021 737 3108 Guosas,
757 3020 890 3102 Gaura,
909 3028 1034 3106 quotus,
1054 3045 1182 3109 quarm,
1202 3046 1330 3108 proavus
1456 3003 1459 3008 ¹

183 3127 311 3212 quando
334 3129 497 3213 praecedit
520 3129 641 3212 brevis,
664 3127 884 3214 reponendum
908 3130 1027 3216 ubique
1050 3128 1181 3215 ansuS,
1204 3129 1330 3217 Cnidus,

182 3239 288 3318 uatus,
311 3255 423 3315 uana,
445 3257 551 3302 nauus.
598 3233 665 3300 Oet.
688 3235 728 3301 of.
752 3235 781 3300 d.
804 3258 829 3300 r.
853 3258 894 3299 m.
917 3235 991 3300 316.

271 3339 444 3406 Praeterea
469 3341 685 3428 antiquissimi
708 3344 825 3426 poetae
844 3340 952 3406 Latini
976 3343 1137 3427 usquead
1162 3344 1330 3428 Vergilium
1424 3370 1431 3380 ·

182 3450 216 3510 et
244 3446 448 3531 Propertium
477 3447 575 3512 otiam
599 3469 746 3533 sprevere
766 3431 929 3512 'interdum
952 3448 1123 3532 positionis
1153 3450 1258 3536 legem
1283 3474 1329 3516 so·

183 3558 302 3639 quenta
321 3555 428 3639 verbo,
448 3554 532 3639 quod
552 3555 622 3636 abs
641 3555 767 3637 impura
786 3555 951 3638 inciperet.
983 3553 1033 3618 Ea
1046 3555 1177 3620 licentia
1191 3557 1329 3622 maxime

183 3659 348 3744 invenitur
369 3661 405 3726 io
422 3661 529 3744 primo
551 3666 580 3726 ot
601 3662 706 3744 quinto
723 3661 801 3742 podo
824 3657 873 3743 (in
893 3661 1005 3745 quinto
1029 3665 1162 3746 propter
1179 3665 1330 3728 naturam

180 3766 252 3830 sius
275 3765 495 3854 dactylicam),
523 3769 556 3831 et
578 3765 707 3851 quidem
729 3767 940 3851 praecedento
963 3767 1150 3851 plerumque
1175 3770 1330 3836 vocabulo

184 3871 353 3958 dactylico,
375 3894 441 3938 non
458 3873 633 3958 trochaico,
650 3876 687 3938 ut
707 3873 792 3957 apud
817 3873 986 3956 Vorqilo'oru
1005 3875 1087 3955 [aen.
1106 3873 1162 3959 XI,
1186 3876 1260 3960 308,
1280 3877 1330 3958 9J:

285 3998 381 4081 spem
406 3997 531 4081 siquam
555 3997 667 4062 accitis
690 3995 843 4063 Aetolum
866 3985 1027 4062 habuistis
1050 3998 1085 4062 in
1109 3999 1221 4084 armis,

290 4102 406 4187 poniti.
423 4123 491 4186 spos
514 4102 577 4168 sibi
600 4104 742 4188 quisque.

273 4225 332 4292 Usi
354 4231 431 4292 sunt
452 4226 513 4291 hao
535 4227 679 4311 lieentia,
701 4249 775 4293 raro
795 4229 922 4315 quidem
942 4249 1068 4312 omnes,
1091 4250 1165 4294 oum
1189 4229 1331 4316 Vorqilio,

142 4355 146 4364 ’
183 4333 239 4419 qui
261 4356 326 4400 uno
351 4355 421 4398 eam
445 4333 577 4398 admisit
593 4331 682 4417 ioca,
705 4333 847 4418 Ennius,
869 4334 1026 4418 Lucilius,
1048 4333 1231 4421 Lucretius,
1261 4337 1331 4402 Ho-

182 4441 284 4506 ratius
311 4441 502 4525 insomnis,
528 4440 729 4524 Propertius,
757 4440 894 4525 denique
924 4445 1036 4506 auotor
1063 4441 1173 4506 ouliois
1203 4465 1232 4507 v.
1258 4443 1332 4528 195,
