3260 5292
604 433 611 445 '
658 448 844 506 caseum.
1140 421 1144 430 ’
1209 451 1213 459 ·
1282 443 1325 511 aa

169 609 321 676 habuere
351 611 597 698 diphthongum.
656 610 777 678 Contra
808 611 916 678 dehinc
945 611 1107 678 rarissime
1138 615 1187 678 est
1214 633 1325 677 mono·

170 719 355 802 syllabam,
393 720 580 804 aliquoties,
602 719 686 804 apud
725 721 907 803 Veryitium,
944 719 1079 805 singulis
1115 719 1194 784 locis
1239 717 1323 802 apud

170 824 396 910 Propertium,
425 825 583 910 Ouidium,
611 823 760 893 Statium.
798 815 1001 906 'Naeuium
1027 824 1221 890 efferendum
1244 827 1325 890 auti-

169 953 288 1015 quam;
316 935 353 997 ut
380 936 487 998 careat
511 933 728 1018 diphthongo;
757 953 860 1018 neque
888 934 1004 997 anteire
1031 953 1183 1018 umquam
1211 931 1326 996 hahuit

171 1038 353 1124 synizesin3
376 1062 452 1104 nam
471 1039 747 1123 pronuntiandum
767 1039 1035 1124 scribendumque
1049 1041 1159 1104 autire.
1191 1039 1327 1104 Proiade

171 1168 194 1209 a
221 1144 370 1210 Lucretio
394 1167 520 1232 semper
542 1169 599 1230 per
622 1145 860 1232 diphthongum
884 1146 1023 1212 effertur.
1063 1146 1158 1230 Apud
1182 1145 1325 1230 reliquos

170 1275 252 1316 raro
272 1253 478 1318 inveniuntur
491 1255 587 1336 pratu
599 1254 740 1336 proinde,
763 1252 859 1318 modo
878 1253 1016 1319 diductis
1036 1253 1210 1336 vocalibus,
1229 1253 1324 1317 mode

170 1359 314 1424 coalitis.
369 1358 429 1425 Cui
463 1360 534 1425 huic
566 1381 667 1444 usque
701 1360 740 1424 ad
774 1359 928 1426 Senecam
961 1362 993 1424 et
1026 1359 1167 1425 Statium
1202 1381 1327 1443 semper

169 1467 267 1528 fuere
299 1465 537 1550 monosyllaba,
575 1466 689 1532 deinde
725 1489 820 1551 saepe
853 1469 1033 1551 aequarunt
1064 1466 1273 1550 pyrrichium,
1307 1489 1326 1529 a

170 1572 305 1636 saeculo
328 1572 379 1636 III
402 1573 501 1638 etiam
525 1573 677 1638 iambum.
835 1659 839 1668 ,
1125 1649 1128 1658 ,

265 1678 370 1744 Rcicio
398 1680 483 1763 apud
512 1677 680 1762 Verpitium
708 1681 741 1745 in
766 1680 919 1747 bucolicis
944 1681 993 1762 [3‚
1016 1680 1072 1761 96]
1102 1684 1135 1745 et
1162 1685 1325 1746 auctorem

171 1783 263 1850 Ciris
288 1787 380 1868 [118]
409 1807 466 1870 per
494 1787 653 1870 synizesin
680 1788 717 1852 fit
745 1787 948 1872 trisyllabum
977 1790 1014 1850 ut
1036 1787 1128 1852 eicere
1155 1788 1240 1872 apud
1264 1787 1324 1852 Lu·

169 1892 311 1957 aretium
342 1895 392 1974 [ut
418 1892 475 1976 IV,
502 1893 601 1974 1271]
635 1897 667 1958 et
700 1897 812 1960 deicere
839 1895 923 1979 apud
947 1895 1119 1958 Horatium
1146 1896 1181 1958 iu
1208 1896 1324 1960 saturis

172 1997 221 2081 [I,
245 1995 284 2081 6,
302 1999 369 2080 39].
398 1997 560 2092 ¹Lucilius
585 1999 690 2082 [XXX
718 2024 745 2067 v.
769 2001 825 2083 56]
856 2004 892 2065 ut
920 1999 1086 2066 Lucretius
1116 1999 1159 2083 [I,
1185 1999 1260 2081 149]
1293 2003 1324 2064 et

171 2101 290 2170 Cicero
320 2105 503 2190 [phaonem.
527 2107 583 2188 87]
615 2109 647 2171 et
679 2109 790 2172 auctor
817 2108 938 2193 elegiae
967 2107 1007 2172 ad
1035 2106 1219 2172 Messallam
1244 2107 1324 2189 [3h],

170 2234 260 2296 quae
287 2213 321 2276 in
344 2213 482 2299 Vergilii
513 2216 563 2279 est
585 2214 764 2300 catalectis,
792 2213 890 2279 etiam
917 2216 1004 2280 cuius
1032 2217 1064 2279 et
1091 2215 1156 2278 eius
1183 2213 1323 2278 extulere

169 2319 411 2402 monosyllaba.
971 2297 982 2316 x

265 2425 413 2511 Denique
432 2429 460 2492 ei
483 2427 610 2492 dativus
628 2427 727 2502 habet
749 2433 815 2493 tres
838 2449 1016 2512 mensuras,
1036 2431 1093 2492 aut
1115 2428 1323 2512 spondiacam

173 2534 236 2595 aut
262 2533 461 2600 trochaicam
488 2538 545 2599 aut
572 2535 841 2619 monosyllabum.
890 2534 1146 2618 Monosyllabam
1176 2534 1325 2599 adhibuit

173 2635 333 2722 Catullus,
356 2640 563 2724 spondiacam
581 2641 747 2708 Lucretius
771 2645 803 2706 et
820 2641 984 2726 Manilius,
1007 2641 1178 2706 iambicam
1201 2641 1323 2726 primus

175 2743 307 2810 Oratim
329 2747 364 2810 iu
386 2746 558 2813 haticutr'cis
582 2751 624 2830 [v.
644 2749 699 2830 34]
725 2771 762 2813 ao
785 2749 899 2814 deinde
923 2749 988 2814 alii.
1029 2747 1091 2814 Sed
1115 2747 1247 2812 omnino
1271 2747 1324 2811 hio

174 2851 304 2916 dativus
319 2853 482 2918 rarissime
499 2856 583 2940 apud
603 2855 745 2940 optimos
764 2860 875 2940 poetas
894 2856 1066 2940 invenitur,
1089 2856 1186 2939 plane
1206 2857 1242 2918 ut
1259 2856 1325 2920 cius

172 2979 410 3025 rerumrerum
438 2962 579 3046 genetivi
603 2966 699 3046 atque
723 2961 802 3028 adeo
830 2963 970 3047 reliquae
998 2961 1093 3026 huius
1121 2960 1323 3046 pronominis

172 3065 307 3130 formae.

264 3170 380 3238 Restat
411 3177 448 3238 ut
479 3175 609 3240 duriora
638 3175 795 3260 quaedam
824 3179 857 3240 et
889 3175 1013 3240 rariora
1041 3174 1195 3259 synizesis
1226 3174 1322 3240 huius

175 3277 364 3343 adferantur
387 3281 542 3366 exempla.
1369 3272 1373 3286 ⁸

265 3385 379 3470 Itaque
395 3387 479 3472 apud
495 3387 657 3454 Catullum
674 3387 738 3476 [40,
755 3389 785 3470 l]
806 3390 969 3454 invenitur
983 3375 1102 3454 Placide
1116 3389 1322 3472 trisyllabum

175 3491 266 3556 velut
288 3493 410 3579 mirae,
439 3496 524 3579 apud
548 3495 733 3561 Lucretium
757 3500 789 3560 et
810 3495 984 3560 Horatium
1013 3497 1045 3560 in
1074 3496 1193 3560 saturis
1221 3495 1322 3560 habes

175 3599 279 3679 quoad
300 3601 332 3662 et
348 3607 446 3682 prout
468 3603 692 3686 monosyllaba
716 3600 792 3688 (nisi
816 3603 895 3668 haee
914 3602 1052 3668 diductis
1075 3603 1221 3686 partibus
1246 3607 1323 3666 sunt

176 3703 356 3790 efferenda),
380 3707 464 3792 apud
484 3708 666 3773 Lucretium
689 3731 744 3774 suo
768 3709 1038 3792 monosyllabum,
1063 3712 1100 3772 ut
1122 3708 1206 3792 apud
1226 3706 1322 3772 Sene·

176 3831 246 3874 eam
273 3818 381 3894 suapte
408 3814 612 3898 disyllabum.
657 3815 709 3880 lta
737 3813 884 3882 Catullus
913 3813 992 3878 illud
1009 3816 1206 3897 praeoptarit
1233 3813 1321 3878 adhi-

174 3915 247 3981 buit
269 3919 476 4003 trisyllabum
502 3922 676 4005 [64,120],
699 3922 854 3987 Horatius
872 3920 999 4002 Pompei
1022 3922 1054 3984 et
1078 3921 1178 3986 Vuttct
1201 3921 1322 3985 vocati·
1455 3919 1458 3922 ’

167 4046 235 4094 ‚vos
258 4025 436 4110 disyllabos
462 4029 500 4108 [e.
523 4026 569 4110 II,
595 4029 627 4112 7,
651 4029 685 4114 53
709 4051 758 4113 ep.
781 4027 812 4106 l,
838 4029 872 4111 7,
895 4028 961 4108 31].
1012 4026 1211 4112 Composita,
1240 4049 1321 4111 (puae
1369 4019 1377 4034 ⁸

172 4131 297 4196 habent
324 4135 440 4198 ciream
467 4137 504 4197 ut
530 4136 691 4218 circumice,
718 4137 914 4218 circumerro,
949 4156 1124 4219 numquam
1153 4135 1322 4218 patiuntur

172 4231 354 4323 synizesin,
379 4239 434 4304 sed
454 4243 510 4304 aut
533 4241 689 4306 amittunt
711 4262 743 4304 m
765 4244 802 4305 ut
825 4241 941 4306 circuito
965 4244 1022 4305 aut
1048 4241 1167 4305 tmesin
1192 4241 1319 4325 patiun-

171 4349 228 4412 tur
251 4347 288 4410 ut
310 4346 394 4429 apud
424 4346 607 4429 Vcrpitium:

328 4452 446 4518 circum
470 4457 579 4518 errant
602 4453 700 4539 acies,
723 4457 756 4519 et
777 4455 811 4520 ni
834 4476 906 4522 mea
929 4476 1006 4526 cura
1028 4455 1168 4522 resistat
1217 4537 1220 4543 ἱ
