3260 5292
658 459 778 526 CAPUT
798 471 846 524 lll.
965 467 969 477 '
1280 469 1323 532 49

166 632 213 696 in
238 655 301 718 quo
326 633 453 717 quidem
477 631 548 716 ipsa
571 633 722 697 metricae
745 632 894 697 licentiae
918 632 1115 716 proprietate
1137 631 1239 696 irrisit
1257 654 1324 696 ma-

165 739 282 803 lorum
306 744 473 823 poetarum
497 739 736 825 inelegantian'r.
781 739 832 803 Ita
855 738 1013 804 Lucilius:

244 855 297 919 hic
320 855 354 918 in
378 857 517 920 stercore
540 855 631 920 humi
656 856 853 939 stabulisque
877 856 953 920 fimo
977 853 1082 942 athue
1107 857 1256 922 sucerdis.

168 970 308 1034 Etenim
332 977 421 1053 atque
444 972 658 1056 compositum
682 974 732 1036 est
755 994 792 1036 ex
816 971 859 1036 ad
880 975 913 1036 et
934 993 999 1054 quac.

267 1076 327 1141 Usi
350 1082 426 1142 sunt
449 1078 509 1143 hac
532 1080 642 1162 tmesi,
666 1078 722 1142 sed
745 1079 909 1142 rarissime
933 1101 1059 1157 omnes,
1085 1100 1186 1164 usque
1211 1077 1251 1142 ad
1274 1077 1325 1142 Iu·

168 1185 323 1249 venalem
341 1185 376 1248 iu
394 1185 578 1250 laeuametra‘s
596 1183 750 1270 Lucilius,
769 1183 944 1264 Lucretiae,
970 1185 1124 1268 Vcrpilc'us
1141 1187 1176 1250 c'u
1193 1186 1324 1268 aeneide,

167 1291 344 1375 Horatius,
367 1291 570 1376 Propertius,
595 1291 761 1374 Manilius,
786 1289 930 1376 Persius,
960 1289 1083 1356 Statius
1107 1292 1140 1355 in
1164 1291 1324 1374 thebaide,

169 1397 285 1482 Silius,
298 1397 467 1462 Iuvenalis.
489 1395 650 1462 Sicetiam
661 1397 974 1482 inhendecasyllabo
985 1397 1152 1482 phalaecio
1163 1397 1323 1464 Catullus:

404 1536 470 1578 non
493 1513 576 1578 belle
599 1513 701 1578 uteris
725 1513 760 1576 in
784 1514 855 1578 ioco
878 1501 983 1601 atique
1007 1514 1097 1598 vin03

172 1649 213 1711 iu
233 1647 345 1711 iambis
362 1647 517 1712 Horatius

403 1757 440 1819 ut
463 1755 613 1819 adsidens
636 1750 844 1840 iulplumibus
868 1752 965 1838 pullis
989 1754 1067 1818 avis.

403 1883 478 1925 nam
503 1861 530 1924 si
554 1860 633 1924 meis
657 1855 828 1945 iulaestuet
851 1860 1046 1943 praecordiis

403 1965 657 2051 parentibusque
680 1963 890 2047 atlominatus
914 1965 1092 2051 Hannibal,

167 2104 234 2146 neo
258 2083 366 2146 minus
388 2083 423 2147 iu
446 2103 572 2147 uumcro
595 2083 781 2164 asclepiadeo

343 2185 347 2192 ¹
404 2199 480 2263 dum
502 2199 675 2283 flagrantia
697 2194 873 2285 deltorquet
897 2197 937 2262 ad
961 2199 1078 2264 oscula.

404 2305 577 2390 arcanique
599 2303 679 2368 fides
702 2304 841 2389 prodiga
859 2301 1065 2392 perllucidior
1088 2307 1180 2372 vitre.
1227 2357 1228 2361 ,

167 2419 333 2488 Similiter
355 2419 518 2486 Phaedrus
541 2418 604 2504 III,
630 2419 682 2498 15,
708 2421 745 2504 63
770 2419 816 2504 V,
841 2421 874 2503 7,
902 2422 950 2486 19.

264 2527 318 2592 Ita
341 2529 440 2592 etiam
463 2527 718 2612 praepositiones
741 2513 822 2592 tutu
844 2528 930 2592 iutra
948 2527 983 2592 in
1002 2527 1081 2592 duas
1100 2528 1324 2612 discerpuntur

168 2639 297 2719 partes,
321 2639 358 2699 ut
382 2635 466 2719 apud
490 2633 604 2699 Silium
628 2637 762 2718 propter
785 2655 914 2698 causam
934 2635 1150 2719 rhythmicam
1173 2634 1220 2718 Il,
1243 2636 1322 2699 321:

279 2753 368 2816 stant
391 2751 494 2834 prima
517 2747 611 2837 irclter
635 2751 728 2836 signa
752 2771 843 2814 senes
866 2751 1029 2835 letumque
1052 2752 1223 2816 lacessunt.
1254 2751 1258 2759 ’

167 2863 261 2930 Nam
284 2866 494 2951 spondiacum
519 2866 709 2931 vocabulum
732 2865 766 2930 in
789 2866 869 2949 pede
889 2865 1029 2931 secundo
1051 2867 1136 2950 apud
1162 2889 1233 2930 eum
1256 2888 1323 2931 non

168 2972 347 3038 invenitur.

265 3077 432 3144 Contraria
460 3081 568 3143 autem
597 3079 683 3144 tmesi
706 3081 756 3143 est
778 3080 913 3158 auctius,
944 3101 1024 3164 quae
1049 3080 1153 3144 oritur
1176 3081 1203 3144 si
1227 3102 1321 3145 voces

170 3184 336 3269 scriptura
369 3187 533 3250 seiunctae
561 3208 626 3251 uno
654 3187 862 3250 continentur
889 3189 1031 3250 accentu.
1084 3186 1222 3251 Euclisc‘s
1248 3207 1323 3250 usus

169 3292 262 3355 haud
285 3293 332 3356 ita
354 3293 504 3378 frequens
528 3292 590 3355 fuit
612 3293 646 3355 in
669 3293 779 3378 lingua
802 3290 927 3356 Latina.

265 3398 407 3464 Primum
422 3400 469 3464 ita
483 3399 548 3464 coit
561 3421 742 3483 pronomen
756 3399 959 3465 indefinitum
974 3401 1043 3481 quis
1060 3397 1187 3483 praeter
1201 3400 1322 3464 formas

173 3505 350 3590 disyllabus
376 3528 448 3570 cum
472 3508 500 3571 si
522 3527 560 3570 ue
582 3527 658 3570 rcum
681 3527 763 3589 curua,
787 3509 823 3568 ut
847 3507 960 3571 melius
980 3507 1059 3571 adeo
1079 3529 1143 3570 uno
1164 3506 1323 3570 scribatur

173 3613 274 3676 verbo
297 3613 397 3694 siquis
418 3614 526 3695 aequis
543 3614 689 3694 numquis
712 3613 863 3695 curaquts,
887 3635 924 3677 ac
944 3613 1093 3677 similiter
1111 3613 1322 3696 pronuntian-

176 3717 252 3782 dum
275 3721 445 3802 nescioquis
468 3723 614 3803 correpta
638 3741 765 3803 semper
787 3740 813 3783 o.
862 3717 1033 3783 Praeterea
1059 3719 1253 3803 pronomina
1275 3739 1323 3784 rue

175 3830 204 3887 ic
220 3845 250 3889 se
267 3847 324 3890 uos
342 3847 393 3890 cos
412 3849 483 3892 cum
503 3826 811 3911 praepositionibus,
836 3848 972 3909 quarum
992 3825 1130 3889 secunda
1151 3849 1227 3910 pars
1247 3847 1321 3890 con-

160 3935 242 3995 stat
271 3933 387 3998 suffixo
417 3939 461 3997 ter
488 3934 538 3998 vel
567 3937 617 3996 tra
646 3933 705 3996 sub
733 3955 833 3996 unum
868 3938 984 3996 coeunt
1012 3934 1179 3997 accentum
1207 3936 1244 3996 ut
1274 3935 1321 3997 iu-

175 4039 263 4118 asse,
286 4039 428 4105 tuirriaco.

264 4145 436 4210 Praeterea
461 4148 548 4211 verbi
574 4146 767 4211 substantivi
792 4146 915 4211 formae
936 4151 979 4210 cst
1002 4146 1226 4230 utaliquando
1250 4166 1321 4210 sum

174 4271 206 4315 es
227 4257 302 4316 suut
322 4255 382 4318 sua
404 4254 448 4318 sis
470 4255 512 4318 su
533 4255 598 4320 siut
620 4275 639 4316 a
662 4253 773 4316 multis
797 4252 952 4317 Romanis
977 4254 1052 4316 sunt
1078 4253 1265 4336 inclinatae,
1294 4253 1321 4316 si

173 4359 380 4441 praecederet
399 4363 455 4423 aut
473 4360 730 4443 monosyllabum
751 4361 979 4443 qualecumque
1004 4363 1061 4424 aut
1080 4359 1250 4424 trochaeus
1270 4360 1320 4424 vel

173 4465 356 4529 tribrachus
380 4467 431 4531 vel
454 4467 637 4550 pyrrichius
661 4467 695 4531 in
720 4489 893 4531 consonam
917 4465 1065 4530 desinens
1089 4469 1139 4530 ut:

230 4577 312 4618 Summ.
327 4583 389 4621 metr.
404 4581 466 4632 Lat,
480 4591 520 4622 ser.
536 4582 561 4622 L.
576 4581 705 4622 bisannas.
1090 4575 1107 4622 4
