3260 5292
673 397 793 454 CAPUT
812 399 845 452 11.
1291 395 1333 458 31)

278 563 318 628 In
336 563 491 646 phalaecii
512 562 584 627 basi
606 562 794 646 plerumque
817 561 918 624 utitur
942 559 1096 643 spondeo,
1120 557 1175 622 scd
1199 541 1334 622 subinde

177 672 285 736 etiam
307 671 462 736 trochaeo
484 671 536 735 uel
558 669 681 734 iambo:

185 1111 251 1177 Sed
276 1113 418 1198 Augusti
441 1115 586 1196 tempore
610 1115 643 1176 et
666 1112 793 1176 saeculo
816 1134 846 1194 p.
870 1108 944 1176 Chr.
966 1111 1070 1195 primo
1094 1113 1209 1192 poetae
1232 1128 1334 1192 paene

184 1240 302 1283 omnes
326 1224 402 1284 sunt
426 1220 514 1284 soliti
536 1219 598 1283 hoc
621 1222 761 1282 metrum
783 1217 936 1281 incohare
960 1240 979 1280 a
1003 1215 1155 1299 spondeo.

276 1324 446 1390 Praeterea
479 1324 625 1390 Catullus
657 1327 692 1390 in
725 1347 790 1389 uno
824 1323 966 1388 carmine
1000 1323 1070 1404 [55]
1109 1323 1180 1386 loco
1214 1321 1334 1406 dactyli

184 1432 317 1514 saepius
340 1431 483 1496 admittit
507 1430 684 1515 spondeum
707 1433 755 1496 ita

183 1641 237 1708 Of.
257 1643 484 1834 (1111111111ῗὲ
505 1752 749 1836 hendecasyllabo
771 1752 856 1816 hanc
880 1750 1012 1815 adhibet
1034 1749 1188 1814 formam:

679 1877 683 1909 ι
703 1875 708 1908 1

187 1997 251 2064 Sed
275 2000 340 2064 iam
363 2001 402 2064 de
425 2003 556 2068 Horatii
580 2003 745 2085 lyricorum
767 2021 910 2066 ausurum
933 2003 1001 2064 arte
1025 1999 1202 2065 dicendum.

277 2107 384 2191 Igitur
407 2129 477 2172 cum
499 2107 612 2173 Graeci
635 2129 745 2174 versus
770 2106 928 2193 glyconei,
952 2106 1160 2191 pherecratei,
1183 2109 1335 2193 asclepia-

186 2213 321 2278 deorum
353 2214 448 2278 basin
481 2214 705 2280 adhibuissent
731 2216 782 2280 vel
814 2213 1012 2279 trochaicam
1044 2215 1094 2278 vel
1126 2215 1336 2298 spondiacam

186 2320 239 2384 vel
269 2319 456 2404 iambicam,
483 2321 639 2386 Horatius
667 2322 700 2385 in
727 2321 778 2386 his
806 2321 918 2386 metris
948 2321 1097 2384 omnihus
1125 2319 1336 2405 (1111111136

187 2447 213 2490 c.
237 2424 300 2489 XV
323 2426 343 2490 1.
366 2425 382 2489 Ι
405 2431 455 2490 est
478 2426 663 2513 corruptus)
687 2428 757 2492 solo
781 2449 859 2492 usus
883 2427 1039 2510 spondeo:

187 2907 364 2971 Praeterea
396 2900 468 2971 dum
495 2906 620 2990 Sappho
653 2910 685 2970 ct
712 2907 846 2972 Alcaeus
877 2907 911 2970 in
940 2907 1079 2971 secundo
1112 2907 1193 2990 pede
1225 2929 1336 2971 versus

187 3013 337 3097 sapphici
363 3013 626 3097 hendecasyllabi
655 3017 688 3078 et
716 3014 828 3078 alcaici
854 3013 1120 3098 hendecasyllabi
1148 3015 1199 3077 vel
1223 3035 1338 3078 ennea-

188 3120 309 3203 syllabi
328 3121 423 3185 modo
443 3119 632 3185 trochaeum
652 3121 845 3205 posuissent,
864 3119 959 3184 modo
980 3120 1166 3204 spondeum,
1184 3121 1339 3186 Horatius

189 3228 261 3292 solo
285 3249 361 3291 usus
385 3232 435 3290 est
459 3226 614 3311 spondeo:

190 3655 338 3741 Denique
368 3657 505 3741 primam
530 3657 688 3741 syllabam
720 3678 871 3721 versuum
899 3657 1104 3740 alcaicorum,
1133 3678 1212 3740 quos
1243 3654 1339 3720 modo

191 3763 258 3828 dixi
279 3801 317 3810 -
344 3786 439 3848 quam
458 3768 576 3830 vocant
594 3765 764 3829 auucrusia
785 3799 822 3810 —
846 3785 919 3828 cum
937 3765 1070 3828 Alcaeus
1088 3764 1183 3829 modo
1207 3765 1339 3848 longam

190 3872 363 3955 voluisset,
392 3871 487 3936 modo
517 3872 659 3955 brevem,
686 3871 843 3936 Horatius
867 3871 902 3934 in
925 3870 1087 3954 prioribus
1115 3870 1220 3935 tribus
1248 3871 1340 3935 libris

185 3977 378 4061 picturaque,
401 3979 435 4042 in
461 3983 575 4063 quarto
598 3999 714 4061 seraper
737 3978 884 4042 adhibuit
907 3977 1046 4061 longam.

282 4083 352 4150 Has
381 4088 489 4149 autem
517 4085 677 4170 glyconei,
708 4084 920 4168 pherecratei,
953 4083 1158 4167 asclepiadei,
1187 4083 1341 4166 sapphici,

192 4190 306 4255 alcaici
344 4191 439 4254 metri
476 4191 563 4275 leges
601 4212 673 4256 cum
710 4191 826 4275 reliqui
865 4190 996 4274 plurimi
1032 4194 1199 4273 poetarum
1236 4194 1341 4274 poste-

191 4297 315 4362 riorum
352 4300 533 4381 scrvarunt,
570 4299 639 4360 tum
677 4295 799 4362 Seneca
833 4297 869 4360 in
905 4296 1037 4361 canticis
1075 4299 1107 4360 ct
1144 4283 1285 4361 Statius
1307 4296 1342 4360 in

166 4405 299 4489 silvis,
337 4406 470 4488 excepto
504 4403 590 4488 quod
618 4400 739 4468 Seneca
770 4403 901 4468 licentia
933 4402 1078 4468 scaenica
1111 4425 1187 4496 usus
1222 4403 1342 4487 aliquo-

1091 4507 1128 4562 3*
