3260 5292
316 472 358 536 38
386 472 391 482 ’
800 471 920 526 curun
940 472 985 526 111.

355 667 361 678 ·
405 635 620 700 Hexametros
641 656 774 702 caesura
790 637 935 699 carentes
954 657 1055 719 usquc
1074 635 1114 698 ad
1132 621 1316 700 Iuvenalem
1336 639 1472 700 tantum

316 744 473 808 admisere
496 741 624 806 Ennius
648 762 686 805 ac
708 739 864 820 Lucilius,
893 744 925 806 et
949 741 1076 826 quidem
1100 763 1229 825 paucos.
1273 741 1368 825 Apud
1391 743 1472 805 ulti-

317 873 444 915 morum
469 849 670 914 saeculorum
694 851 842 912 auctores
865 848 1025 913 interdum
1049 848 1265 933 inveniuntur,
1292 847 1348 912 sed
1370 849 1496 912 raris-f

317 958 413 1041 sime3
438 957 476 1021 cf.
496 956 525 1019 d.
544 977 568 1019 r.
588 977 632 1021 m.
653 953 835 1019 194-197.

408 1061 551 1128 ansura
568 1061 669 1126 tertia
687 1061 853 1126 trochaica
870 1061 964 1126 multi
987 1065 1101 1146 poetae
1121 1061 1229 1126 Latini
1249 1063 1380 1127 omnino
1399 1085 1470 1128 uon

317 1173 460 1236 utuntur.
517 1167 567 1234 Ex
603 1168 891 1252 hephthemimeris
928 1167 1025 1232 variis
1058 1169 1227 1253 generibus
1264 1169 1297 1232 id
1328 1169 1473 1234 maxime

317 1277 487 1362 probatur,
517 1275 568 1340 cui
592 1273 684 1338 adest
707 1275 802 1338 etiam
827 1275 1075 1339 trithemimeres
1099 1297 1170 1340 cum
1198 1275 1259 1339 fine
1283 1275 1373 1340 verbi
1391 1279 1474 1359 post

317 1382 452 1448 tertium
475 1381 677 1446 trochaeum:

550 1561 557 1570 1
618 1487 1170 1564 -ι“Τυ-Ιω-ω-Ιῦῦ-’ᾒ-υ

422 1687 428 1700 ⁶
470 1612 646 1692 infandum,
672 1617 676 1692 Ι
701 1615 826 1696 rapiam,-
842 1613 933 1678 iubes
959 1615 964 1693 Ι
988 1635 1141 1678 renovare
1164 1614 1317 1679 dolorem.

410 1737 505 1802 Unde
538 1737 738 1802 tersissimus
766 1738 902 1823 quisque
929 1741 1027 1822 poeta
1054 1739 1117 1803 hoc
1149 1738 1354 1822 potissimum
1381 1761 1475 1802 usus

319 1845 389 1934 Nec
413 1844 584 1928 displicent
606 1866 727 1928 versus,
750 1845 785 1908 in
804 1845 921 1928 quibus
940 1866 1005 1910 non
1028 1845 1220 1910 terminetur
1242 1845 1373 1910 verbum
1395 1866 1475 1910 cum

321 1952 474 2018 trochaeo
498 1950 589 2035 pedis
612 1951 701 2015 tertii
708 2001 717 2035 ‚
739 1953 777 2014 ut

510 2075 637 2140 Aeneas
667 2081 671 2155 Ι
697 2075 910 2141 Anchisiades
935 2073 999 2162 let
1022 2076 1102 2141 fidus
1126 2075 1276 2144 Achates.

320 2199 352 2266 si
385 2201 472 2265 absit
500 2199 761 2279 trithemimeris,
792 2205 923 2266 cavetur
951 2205 1035 2266 certe
1063 2204 1101 2265 ut
1124 2199 1281 2291 secundus
1308 2223 1365 2288 pes
1394 2224 1475 2268 cum

320 2305 474 2371 trochaeo
497 2306 586 2370 tertii
609 2328 674 2371 uno
698 2309 826 2372 constet
849 2308 961 2374 verbo:

413 2430 534 2494 labitur
556 2432 767 2514 exanimisque
788 2435 930 2496 tremens
955 2437 961 2512 Ι
983 2432 1169 2516 procumbit
1191 2432 1281 2497 humi
1304 2434 1371 2498 bos.

321 2553 473 2619 Omnium
492 2554 626 2618 minime
644 2555 801 2638 probatur
824 2557 893 2622 sola
911 2556 1197 2642 hephthemimeris
1218 2558 1286 2622 sine
1311 2558 1476 2624 trithemi-

322 2661 402 2724 meri
424 2661 475 2725 vel
498 2660 589 2726 finito
613 2661 711 2726 verbo
735 2662 889 2728 intortio
913 2663 1079 2728 trochaeo:

463 2785 683 2868 irreparabilis
707 2785 879 2852 abstulerit
903 2792 907 2867 Ι
932 2789 998 2853 iam
1021 2789 1197 2872 praeterita
1220 2793 1319 2856 aetas.

320 2909 369 2974 De
406 2909 547 2974 caesuris
588 2909 768 2975 hexametri
806 2913 1047 2978 accuratissime
1080 2913 1200 2980 dictum
1233 2915 1262 2980 d.
1289 2938 1314 2980 r.
1342 2938 1383 2980 m.
1417 2939 1474 3003 pg.

323 3017 534 3082 rac-202.-

409 3122 600 3188 Peaiamctri
623 3146 756 3188 caesura
779 3147 906 3210 semper
929 3131 979 3192 est
1000 3128 1269 3212 penthemimeres

658 3248 1128 3318 -ω-ω-1-υυ-υυ-

525 3353 578 3418 vix
600 3354 748 3420 Priamus
772 3358 856 3420 tanti
884 3361 888 3431 Ι
914 3361 1048 3442 totaque
1072 3359 1171 3446 Troia
1193 3359 1263 3424 fuit
1379 3399 1383 3402 ,

412 3477 597 3544 Tetrameier
619 3480 718 3544 habet
741 3500 905 3546 caesuram
928 3483 1005 3547 item
1028 3485 1310 3568 penthemimerin:

702 3647 719 3654 -
738 3619 773 3654 ω
791 3648 808 3656 -
827 3619 863 3656 va
880 3649 897 3656 -
918 3605 922 3676 Ι
942 3621 978 3658 ω
996 3651 1013 3658 -
1030 3631 1049 3658 υ
1067 3632 1085 3658 o

576 3710 713 3775 solvitur
736 3713 818 3776 acris
842 3713 967 3798 hiemps
993 3717 998 3794 1
1023 3718 1117 3800 grata
1138 3716 1214 3780 vice.
1265 3787 1270 3796 ,

323 3830 362 3894 In
385 3833 563 3897 minoribus
587 3836 699 3900 metris
723 3835 889 3922 dactylicis
913 3841 1001 3902 certa
1022 3840 1135 3904 incisio
1159 3863 1225 3904 non
1249 3841 1421 3906 invenitur.

375 3987 378 3991 .
410 3937 459 4002 De
482 3942 688 4022 anapaesticis
711 3945 821 4010 metris
846 3944 968 4009 dictum
991 3946 1019 4010 d.
1039 3968 1063 4009 r.
1082 3969 1123 4012 m.
1144 3947 1217 4012 203.

843 4144 863 4221 s
889 4142 938 4206 19.

410 4260 449 4324 In
472 4262 607 4326 trimetro
633 4262 763 4352 iambico
792 4265 858 4329 sive
887 4264 1035 4331 admissis
1065 4267 1216 4351 spondeis
1240 4268 1306 4332 sive
1330 4271 1474 4336 exclusis

227 4416 233 4428 .
322 4368 414 4428 utet
440 4367 474 4429 in
500 4367 716 4451 hipponacteo
740 4371 869 4435 eaedem
899 4394 1000 4455 paene
1024 4374 1174 4458 optinent
1196 4396 1344 4440 caesurae
1368 4377 1473 4444 ratio-

322 4493 378 4536 nes
403 4475 498 4556 atque
521 4474 554 4537 in
577 4474 764 4541 hexametro
788 4478 971 4563 dactylico„
