3260 5292
627 1314 783 1386 111111
812 1317 838 1416 1.

332 1461 379 1516 De
403 1461 525 1518 studiis
548 1465 728 1533 poetarum
750 1464 950 1521 Latinorum
973 1465 1131 1522 metricis.

578 1557 615 1629 [d.
635 1576 657 1612 r.
675 1575 711 1612 m.
733 1559 887 1630 ers-130}

691 1739 764 1818 se.

246 1857 510 1943 Antiquissimum
524 1883 561 1927 uc
578 1851 778 1928 didacticum
793 1863 1008 1928 Romanorum
1026 1868 1157 1928 1111111111
1169 1863 1233 1944 fait
1246 1861 1305 1927 Su-

144 1967 308 2050 turuium,
328 1967 416 2034 ouius
430 1972 468 2034 ut
486 1969 737 2055 simplicissima,
756 1969 802 2034 ita
820 1970 986 2035 rarissima
1005 1970 1225 2054 species'haee
1244 1971 1306 2032 est:

476 2093 978 2160 υ-υ-υ-υ1-υ-υ-υ

369 2218 490 2280 malum
514 2217 637 2282 dabunt
659 2217 784 2282 Metelli
808 2217 933 2285 Naevio
957 2221 1080 2303 poetae.

246 2310 308 2386 Sed
332 2324 365 2388 in
389 2345 426 2387 ea
449 2326 517 2387 tam
537 2324 657 2389 multae
682 2328 759 2388 sunt
778 2325 979 2409 exceptiones
1004 2325 1185 2408 suppressis
1209 2345 1305 2408 saepe

147 2417 302 2494 thesibus
325 2434 455 2514 praeter
477 2429 615 2514 primam
639 2435 787 2516 quartam
818 2432 1002 2516 septimam,
1032 2431 1146 2496 solutis
1171 2432 1306 2515 arsibus,

150 2533 230 2600 aliis
250 2535 398 2611 admissis
417 2537 565 2620 licentiis,
584 2540 679 2602 utne
698 2538 795 2603 hodie
814 2539 942 2622 quidem
962 2559 1072 2602 versus
1093 2540 1146 2624 qui
1167 2541 1305 2621 exstant,

148 2644 186 2706 et
208 2663 345 2707 numero
374 2643 470 2728 pauci
497 2644 546 2708 illi
570 2648 602 2708 et
628 2646 751 2710 maiore
782 2667 819 2708 ex
852 2649 945 2729 parte
974 2646 1053 2710 satis
1077 2645 1236 2730 corrupti,
1264 2645 1305 2710 ad

148 2751 276 2812 certam
290 2733 417 2833 ⁴ubique
441 2751 569 2834 possint
592 2751 736 2816 revocari
760 2752 915 2836 regulam.

243 2853 304 2919 Usi
327 2859 403 2919 sunt
422 2877 459 2920 eo
483 2860 557 2940 post
579 2861 738 2922 mutatam
759 2879 795 2922 ac
815 2857 951 2922 ditatam
970 2857 1055 2922 Livii
1079 2879 1177 2941 opera
1196 2855 1304 2921 metri·

150 2983 227 3026 cam
255 2959 406 3026 Latinam
434 2963 503 3047 ipse
526 2965 636 3029 Liuius
662 2964 697 3028 in
726 2963 884 3047 Odyssea,
912 2963 1050 3028 Naevius
1082 2965 1117 3028 in
1145 2963 1237 3028 libris
1265 2962 1304 3026 de

150 3068 240 3133 bello
268 3067 390 3134 Punico
419 3071 538 3154 primo,
566 3071 642 3136 Cato
669 3093 759 3136 senaa
786 3071 820 3135 in
850 3071 992 3136 carmine
1026 3071 1064 3134 de
1092 3072 1236 3136 moribus
1265 3071 1304 3134 ad

150 3174 273 3258 filium,
305 3178 419 3242 Accius
446 3178 480 3241 111
508 3178 766 3262 epigrammatis,
795 3178 912 3262 quibus
940 3177 980 3242 D.
1008 3176 1102 3242 Bruti
1131 3177 1226 3242 amici
1255 3176 1305 3241 sui

150 3282 279 3365 templa
302 3304 339 3346 ao
358 3287 570 3348 monumenta
594 3285 772 3368 exornavit,
802 3285 901 3349 Varro
925 3283 958 3347 in
978 3284 1096 3348 saturis
1115 3282 1305 3369 Menippeis

151 3391 319 3470 postremo
349 3389 551 3456 Permittentes
579 3389 718 3455 Maurus
745 3391 780 3454 in
812 3390 922 3454 libello
955 3385 1232 3478 πολυμετροτάτῳ
1266 3390 1304 3454 de

153 3495 267 3558 metris
292 3499 356 3576 [vv.
379 3497 467 3564 2514
487 3499 579 3581 sqq.].

171 3637 178 3656 ·
244 3600 295 3665 Ex
327 3602 379 3667 his
413 3603 489 3688 quin
523 3603 634 3668 Livius
668 3621 711 3667 ao*
737 3601 881 3696 Naevius
915 3603 1158 3688 antiquissimas
1192 3625 1303 3668 versus

154 3708 299 3773 Saturnii
318 3710 406 3794 leges
425 3710 611 3775 licentiasve
630 3709 731 3795 probe
749 3709 923 3772 habuerint
937 3711 1086 3794 cognitas
1110 3731 1177 3774 non
1197 3713 1305 3793 potest

153 3815 305 3880 dubitari.
352 3815 475 3881 Contra
499 3820 580 3882 satis
609 3818 737 3882 constat
760 3814 893 3878 Accium
922 3817 955 3878 ot
977 3813 1158 3879 Varronem
1187 3815 1221 3878 111
1249 3816 1304 3880 ad·

153 3922 296 3987 hibenda
316 3943 354 3986 eo
378 3944 454 3987 suas
478 3924 586 4006 potius
610 3923 753 4005 rationes
773 3935 847 4011 ,esse
872 3924 1008 4001 secutos,
1032 3921 1149 4006 quibus
1174 3920 1305 3985 adducti

153 4050 171 4092 e
206 4027 325 4094 Graeco
358 4051 430 4094 eum
459 4031 603 4114 exemplo
636 4031 832 4113 repeterent,
865 4050 961 4114 quam
995 4029 1080 4094 Livii
1115 4051 1151 4092 ao
1179 4026 1304 4112 Naevii,

152 4135 352 4218 nequealia
375 4158 472 4201 causa
500 4159 569 4201 esse
597 4139 763 4222 permotos
791 4138 829 4199 ut
851 4138 1021 4200 uterentur
1047 4137 1151 4200 metro
1179 4133 1303 4217 pridem

153 4240 287 4325 abolito,
310 4241 374 4308 nisi
398 4245 435 4305 ut
457 4241 617 4306 iactarent
641 4241 831 4306 doctrinam.

245 4346 296 4436 Ab
321 4348 546 4432 antiquissimo
576 4351 684 4413 autem
712 4350 858 4432 tempore
886 4347 936 4411 usi
965 4351 1042 4412 sunt
1070 4351 1185 4431 poetae
1207 4347 1303 4412 latini

153 4477 229 4520 oum
254 4475 373 4541 magno
398 4454 566 4519 commodo
591 4455 808 4520 ultitimatioue
831 4451 927 4541 (quae
947 4452 1079 4519 Graecis
1103 4455 1210 4519 minus
1234 4454 1303 4540 pla-
