3260 5292
372 426 416 496 60
857 435 976 490 onear
995 435 1041 492 1v.

372 595 520 682 Denique
544 597 606 664 hoc
630 598 701 664 loeo
725 599 908 665 notandum
930 602 1078 666 rsuuciam
1103 601 1190 688 apud
1211 601 1372 684 dactylicos
1398 623 1519 684 semper
1575 642 1581 666 .

370 703 491 768 habere
515 707 528 768 i
551 727 737 790 consonam,
761 709 796 770 at
819 709 913 772 etiam
937 711 969 772 et
991 710 1138 790 quoniam
1162 730 1291 792 semper
1312 709 1470 774 vocalem.

461 812 505 876 Iu
526 813 682 880 coeamus
701 813 831 880 Graecis
853 813 1076 900 diphthongus
1098 839 1133 880 aa
1157 817 1249 880 utin
1268 810 1416 902 Ἅρπυια
1439 815 1518 899 apud

372 919 515 1003 optimos
540 925 687 986 auctores
710 922 840 1004 mansit,
864 922 969 1006 qualis
987 926 1038 987 cst
1061 922 1146 1007 apud
1165 921 1314 988 Graecos.
1348 921 1519 986 hectorea

279 1087 283 1094 .
370 1027 480 1092 dixere
508 1028 640 1114 quidam
668 1027 904 1107 Phaethontem,
932 1027 1103 1094 Petronius
1125 1030 1314 1094 Laucoutem
1339 1051 1400 1114 per
1427 1051 1465 1093 ae
1490 1033 1519 1091 et

369 1155 414 1200 au
437 1134 678 1220 diphthongum
696 1136 800 1200 tribus
824 1136 968 1220 syllabis.
1012 1135 1050 1200 In
1072 1135 1270 1220 nominibus,
1298 1157 1380 1220 quae
1408 1137 1517 1202 finiun-

369 1242 476 1306 turin
496 1238 563 1325 sris,
581 1244 793 1308 mutuaticae
806 1245 839 1306 et
849 1244 1013 1326 pandicus,
1032 1243 1084 1307 vel
1104 1243 1285 1328 aliquando,
1302 1246 1339 1308 ut
1357 1265 1409 1328 ap.
1425 1242 1517 1326 Verg.

370 1349 426 1413 eol.
450 1349 481 1432 4,
504 1349 563 1435 573
587 1370 656 1414 aen.
678 1348 718 1432 V,
739 1351 811 1433 184,
835 1351 967 1432 dativus,
985 1371 1046 1428 uus,
1068 1351 1105 1432 ei,
1129 1349 1213 1433 apud
1232 1351 1397 1416 Romanos
1422 1372 1517 1434 usque

371 1455 412 1519 ad
439 1456 536 1520 finem
570 1473 651 1521 saec.
679 1479 711 1539 p.
740 1455 815 1521 Chr.
848 1457 944 1540 primi
973 1456 1072 1520 etiam
1104 1457 1231 1542 vulgari
1257 1458 1517 1540 pronuntiatione

371 1563 446 1626 elati
462 1585 522 1645 peu
538 1563 777 1646 dipldhoupucu;
802 1567 835 1628 et
856 1564 904 1658 ita
921 1567 1037 1647 poetae
1056 1563 1182 1647 optimi,
1205 1563 1280 1628 licet
1299 1565 1419 1628 dixerit
1437 1563 1517 1630 Guli-

372 1669 417 1732 cis
451 1673 564 1734 auctor
594 1669 645 1734 bis
680 1671 773 1754 [1173
802 1670 881 1752 269]
917 1669 1055 1752 Orploe'us
1082 1673 1115 1734 et
1142 1669 1305 1736 Phaedrus
1338 1669 1396 1754 [V‚
1428 1672 1460 1754 1,
1489 1673 1516 1751 1]

372 1774 549 1840 Phalereus.
591 1776 761 1842 Praeterea
781 1776 929 1860 Romani,
953 1763 1055 1842 secuti
1073 1775 1220 1856 Graecos,
1244 1777 1405 1842 interdum
1431 1801 1465 1842 ao
1487 1778 1516 1840 in

371 1882 559 1947 nominibus
578 1883 719 1968 propriis
738 1887 906 1948 mutarunt
924 1885 959 1948 in
977 1905 1022 1948 cu.
1059 1882 1111 1948 Ita
1129 1883 1209 1949 dixit
1228 1883 1362 1949 Ovidius
1384 1883 1516 1949 Theudo-

372 1994 446 2073 truu,
469 1988 666 2054 Claudianus
692 1991 908 2056 Theodosium.
1293 2077 1295 2082 Ι

462 2094 592 2161 Dictum
614 2097 654 2162 de
678 2097 739 2162 hoc
762 2118 880 2184 genere
904 2096 1059 2183 syninesis
1081 2116 1157 2182 pgg.
1181 2097 1451 2163 264-2741.n.

899 2333 919 2412 e
943 2330 994 2394 32.

462 2472 574 2537 Restat
595 2473 741 2555 syracusis
764 2496 814 2558 ca,
841 2494 922 2559 quae
945 2474 984 2536 fit
1009 2472 1044 2536 in
1066 2471 1219 2536 finalibus
1244 2472 1514 2536 substantivorum

372 2583 404 2643 et
432 2579 664 2645 adieetivorum
697 2580 730 2643 in
761 2579 814 2646 ius
845 2578 881 2643 ia
912 2579 982 2644 torm
1012 2579 1205 2644 exeuntium.
1259 2577 1332 2643 Non
1367 2578 1456 2644 cadit
1484 2577 1515 2640 in

370 2683 546 2764 adiectiva‚
579 2707 660 2770 quae
690 2685 787 2750 etiam
819 2685 999 2752 breviorem
1026 2685 1150 2750 habent
1177 2687 1288 2768 finem,
1319 2688 1356 2748 ut
1381 2685 1514 2766 aheneus,

370 2813 480 2871 mous,
507 2793 667 2875 eburneus,
695 2793 841 2875 ehocruus,
873 2793 1017 2875 diffluens,
1045 2793 1169 2876 dipuus.
1225 2791 1276 2855 Ad
1304 2791 1513 2857 imitationem

371 2897 536 2963 Homerici
569 2899 707 2982 exempli
734 2898 874 2982 primum
903 2899 1049 2964 adhibita
1077 2903 1126 2964 est
1159 2921 1180 2963 a
1206 2896 1347 2983 Catullo,
1374 2921 1450 2963 mox
1477 2898 1514 2962 ab
1598 2979 1599 2990 ἵ

351 3005 454 3090 aliis,
478 3006 533 3070 sed
558 3027 683 3090 semper
705 3027 779 3070 raro
804 3005 976 3072 admodum
999 3009 1128 3090 praeter
1150 3005 1283 3069 nomina
1305 3005 1445 3088 propria.

461 3110 537 3176 Non
570 3113 742 3179 adhibetur
773 3111 807 3175 in
840 3114 951 3178 metris
983 3113 1130 3178 iambicis
1163 3111 1214 3176 vel
1244 3111 1431 3194 trochaicis,
1462 3130 1514 3174 neo

316 3253 322 3267 ·
375 3217 469 3282 aliter
491 3218 554 3283 nisi
577 3222 613 3282 ut
636 3241 652 3282 o
675 3218 718 3282 sit
740 3218 855 3282 brevis.
901 3217 945 3283 Et
969 3220 1114 3305 sequitur
1137 3239 1239 3302 paene
1263 3239 1390 3301 semper
1413 3217 1514 3282 finalis

372 3325 480 3409 longa.
522 3325 666 3410 Occupat
689 3326 723 3390 in
745 3325 875 3390 heroico
895 3327 1008 3410 metm,
1032 3327 1147 3410 inquo
1167 3323 1232 3390 fere
1252 3324 1321 3389 solo
1341 3325 1514 3405 adhibetur,

374 3432 513 3515 primum
536 3433 739 3516 potissimum
764 3432 878 3516 pedem
902 3435 959 3497 aut
982 3435 1139 3500 sextum„

463 3538 509 3602 Ut
532 3538 603 3603 aliis
628 3539 781 3624 synizesis
801 3540 973 3624 generibus
993 3539 1091 3603 ctiam
1111 3539 1191 3604 haec
1215 3539 1367 3622 Verpatus
1391 3536 1513 3622 saepius

374 3667 449 3710 usus
473 3645 506 3708 in
530 3667 564 3708 ro
588 3644 713 3709 difficili
736 3647 786 3710 vel
810 3646 912 3711 atroci
936 3645 1145 3711 describenda
1168 3649 1205 3710 ut

470 3770 627 3855 ferreique
650 3769 865 3834 Eumenidum
888 3771 1024 3836 thalami
1047 3773 1080 3834 et
1102 3770 1261 3836 discordia
1283 3770 1422 3834 demens.

461 3911 511 3976 Ea
533 3912 674 3994 primum
697 3914 734 3976 ut
752 3913 928 3978 memoravi
950 3935 1027 3978 usus
1047 3911 1193 3978 Catullus
1216 3914 1250 3977 in
1269 3912 1409 3977 carmine
1429 3910 1512 3996 epico

311 3997 320 4014 ’
374 4017 411 4080 de
441 4017 564 4100 nuptiis
592 4017 680 4080 Pelei
708 4021 741 4081 et
764 4018 932 4103 Thetidos3
959 4020 1015 4084 ubi
1042 4021 1250 4085 inveniuntur
1278 4042 1350 4084 cum
1378 4017 1512 4103 synizesi

374 4124 444 4206 [64,
467 4124 545 4208 336;
577 4124 653 4204 178]
686 4124 789 4202 Peleo,
821 4125 1007 4192 Idomeuoos.
1064 4128 1217 4210 Verpdtus
1247 4130 1300 4192 sat
1331 4148 1427 4210 saepe
1459 4127 1512 4190 hac

373 4252 450 4293 usus
477 4229 607 4294 lieentia
633 4230 718 4313 apud
751 4253 846 4315 quem
874 4236 1003 4297 exstant
1030 4233 1110 4298 XXI
1144 4256 1253 4299 versus
1281 4255 1353 4298 cum
1381 4230 1510 4317 synizesi

373 4334 431 4396 tali
458 4334 493 4397 in
520 4336 627 4400 verbis
650 4337 748 4415 alueo,
771 4341 865 4422 aerei,
888 4361 994 4423 aureo,
1016 4362 1126 4425 arcaea,
1149 4344 1265 4425 diercis,
1286 4341 1392 4424 ferrei,
1414 4340 1511 4420 Eou-

320 4457 323 4472 ·
373 4431 467 4524 atheo,
490 4441 677 4527 Menestheo,
702 4443 835 4528 Oudaa,
865 4445 1016 4530 Typhoeo,
1042 4447 1191 4532 Typhoea.
1236 4446 1405 4512 Praeterea
1432 4446 1511 4511 iden
