3260 5292
364 421 406 487 58
603 477 606 484 .
844 426 964 482 curun
982 428 1028 482 1v.

363 587 472 670 Mein,
496 585 629 668 Gratius,
648 611 729 674 quae
749 589 827 654 olim
847 593 923 654 sunt
941 593 1072 676 recepta
1093 591 1128 656 iu
1147 541 1327 657 sermonem
1347 590 1509 657 Latinum.

362 691 471 758 Aliter
492 717 545 759 res
568 695 667 760 habet
689 697 722 761 iu
745 697 912 762 vocabulis
935 697 1082 762 barbaris
1105 702 1142 762 ut
1164 699 1309 765 Iudaeo.

450 801 581 867 Dictum
601 802 640 867 de
659 804 673 868 ἰ’
686 804 735 868 vel
749 827 771 868 u
785 805 919 869 mutatis
938 805 973 869 in
987 826 1165 870 consonam
1184 806 1212 870 d.
1227 829 1251 871 r.
1266 829 1306 872 m.
1322 805 1508 872 256-262.

883 1004 912 1082 s.
937 1002 989 1067 so.

453 1122 624 1188 Contraria
644 1128 751 1190 autem
769 1125 844 1190 huie
863 1127 974 1212 generi
994 1126 1151 1210 synizesis
1165 1129 1216 1190 est
1232 1127 1410 1210 dihecresis,
1429 1149 1508 1213 quse

363 1235 474 1294 tamen
497 1231 662 1296 rarissime
684 1233 809 1298 invenit
848 1285 854 1298 .

452 1336 504 1401 Ita
534 1337 702 1402 Lucretius
734 1341 845 1404 suadeo
876 1343 1029 1425 quattuor
1060 1341 1142 1406 dixit
1174 1341 1309 1426 syllabis
1340 1343 1372 1404 et
1406 1342 1507 1406 tribus
1602 1427 1603 1430 Ἴ

363 1466 465 1510 suesco
486 1450 613 1510 sactum.
649 1444 822 1510 Praeterea
843 1447 877 1510 in
896 1447 987 1511 verbi
1010 1448 1096 1532 quud
1115 1450 1164 1512 est
1184 1448 1298 1512 voluere
1320 1447 1508 1532 compositis
1602 1509 1603 1514 ,

364 1574 460 1634 saepe
486 1573 505 1616 u
534 1552 708 1617 seeundum
737 1556 842 1618 mutat
868 1553 903 1617 in
930 1555 1082 1618 vocalem.
1136 1553 1218 1617 Item
1247 1553 1327 1617 dixit
1352 1555 1449 1618 omrai
1479 1557 1509 1616 et
1602 1537 1603 1590 l

327 1665 466 1722 ‘ueuue
516 1656 568 1722 Ita
596 1657 707 1723 Cicero
736 1663 768 1723 et
794 1659 959 1724 Phaedrus
989 1681 1104 1743 suesco,
1131 1660 1277 1724 Catullus
1292 1662 1338 1724 ‘et
1361 1659 1507 1724 Tibullus
1602 1691 1603 1708 2

364 1768 398 1828 et
422 1764 564 1848 Ouidius,
585 1787 653 1830 nou
674 1764 875 1850 Propertius,
897 1768 1001 1832 solaco
1024 1772 1058 1831 et
1079 1769 1182 1851 noluo,
1206 1768 1345 1831 maxime
1367 1768 1404 1832 in
1426 1789 1508 1832 com·
1602 1791 1603 1796 ¹

363 1870 490 1955 positis.
535 1871 631 1956 Apud
654 1873 828 1937 Horatium
849 1873 883 1937 iu
908 1874 1027 1938 saturis
1049 1873 1079 1956 l,
1103 1876 1137 1958 8,
1163 1875 1202 1938 ll
1230 1874 1350 1959 legitur
1371 1874 1507 1958 trisylla-

364 1979 442 2042 bum
466 1983 581 2062 suctue,
603 1980 638 2042 in
661 1978 808 2044 iambicis
831 1981 884 2062 13,
907 1983 928 2046 2
948 1985 980 2046 et
998 1981 1108 2065 lyricis
1126 1981 1155 2066 l,
1179 1981 1236 2064 23,
1259 1982 1281 2044 4
1303 1982 1412 2046 silum.
1449 1979 1508 2046 Sed

365 2085 450 2168 quod
474 2085 558 2168 apud
581 2084 783 2169 Propertium
808 2087 852 2170 V,
878 2089 932 2171 10,
956 2088 996 2152 31
1027 2088 1188 2152 iuvenitur
1217 2087 1321 2171 Vetere,
1351 2109 1402 2172 ap.
1426 2086 1507 2152 Mer-

364 2192 475 2256 tialem
498 2190 592 2276 XIII,
622 2193 677 2275 74,
707 2194 724 2258 1
752 2193 898 2278 I'urpe'c'u,
925 2194 1041 2284 horum
1071 2193 1290 2277 exemplorum
1315 2193 1444 2258 diversa
1465 2191 1506 2255 vi-

365 2299 459 2364 detur
481 2319 551 2362 esse
574 2299 728 2364 condicio.
766 2298 814 2365 uf.
838 2301 913 2366 dr.
937 2323 978 2364 m.
1002 2301 1076 2364 264.
1116 2299 1249 2384 Alioqui
1272 2302 1347 2384 post
1369 2298 1507 2384 Augusti

364 2410 492 2489 tempus
512 2405 687 2470 dihaeresis
707 2406 793 2490 apud
811 2407 914 2472 bonos
930 2398 1076 2472 auctores
1095 2429 1162 2472 nou
1180 2407 1352 2472 iuvenitur.
1380 2406 1506 2471 Dictum

366 2512 404 2576 de
428 2533 466 2576 ea
489 2534 542 2598 pg.
565 2513 755 2580 262-264
778 2515 798 2578 l.
820 2537 852 2579 u.

885 2713 913 2792 s.
938 2711 989 2776 31.

383 2849 388 2856 ·
455 2833 599 2898 Alterum
623 2855 719 2916 penus
744 2835 892 2917 synteese's
918 2834 956 2897 fit
981 2834 1040 2917 ita,
1068 2837 1106 2898 ut
1133 2833 1277 2899 oriantur
1307 2831 1507 2918 diphthongi,

366 2940 433 3003 sive
461 2943 634 3024 usurpatae
658 2940 779 3024 alioqui
806 2962 953 3005 sermone
977 2940 1095 3005 Latino
1119 2942 1169 3005 vel
1193 2940 1330 3024 Graeco,
1360 2943 1456 3004 ntae
1477 2959 1507 3003 oe

365 3046 459 3110 auci
487 3048 518 3110 oi
543 3048 579 3110 ui
605 3068 655 3130 eu,
684 3047 750 3110 sire
778 3069 845 3110 uon
873 3051 1056 3130 usurpatae.
1106 3047 1195 3112 Haec
1220 3048 1367 3130 muleens
1387 3050 1507 3128 praeter

365 3153 495 3216 aornim
504 3155 635 3235 propriu
648 3158 677 3218 ct
689 3153 834 3218 vocabulo
847 3175 925 3236 qaue
942 3156 1125 3219 descendunt
1138 3175 1160 3218 u
1173 3152 1273 3236 ‘dua'
1292 3159 1328 3218 ut
1346 3149 1506 3218 ‘duellum’
1606 3205 1607 3226 ,

366 3257 555 3342 ‘duellteus,'
578 3260 716 3325 substete‘t
736 3260 772 3324 iu
794 3262 966 3344 compositis
989 3261 1040 3324 vel
1062 3263 1098 3324 iu
1119 3261 1285 3343 duylbbu.
1331 3259 1382 3326 Ex
1404 3259 1506 3342 priore
1606 3319 1607 3322 ,

366 3385 483 3449 genere
511 3370 573 3449 est,
601 3367 685 3450 quod
713 3365 841 3451 vulgari
869 3389 929 3430 usu
957 3367 1096 3450 obtinet,
1125 3369 1207 3448 coepi
1234 3388 1292 3451 pro
1320 3368 1415 3448 coepi,
1448 3386 1507 3449 qua

366 3493 443 3535 usus
467 3475 517 3535 est
538 3471 644 3537 forma
666 3471 834 3542 Lueretius
857 3471 918 3555 IV,
942 3473 1015 3536 619.
1054 3470 1106 3537 Sic
1126 3475 1267 3538 coemisse
1289 3473 1373 3556 apud
1392 3473 1505 3538 Teren·

366 3578 449 3642 tium
481 3578 645 3643 iuvenitur
675 3579 891 3664 trisyllabum.
946 3576 1068 3643 Contra
1098 3585 1207 3659 aeuus,
1242 3585 1354 3643 otacus
1386 3597 1506 3660 semper
1605 3581 1607 3646 l

367 3685 491 3749 hebent
513 3685 641 3750 vocales
665 3685 817 3750 diductas.
869 3683 931 3749 Per
953 3687 982 3750 ei
1003 3707 1040 3750 eu
1062 3688 1093 3750 ot
1114 3689 1150 3750 ui
1171 3685 1407 3770 diphthongum
1431 3685 1506 3748 haee
1606 3705 1607 3714 ¹

366 3791 545 3876 antiquitus
569 3792 711 3857 extulere
742 3796 871 3876 poetae:
904 3794 975 3858 dau
1001 3794 1108 3858 dende
1134 3793 1271 3874 deinceps
1292 3813 1346 3856 eeu
1371 3813 1431 3855 eeu
1458 3809 1506 3854 seu
1606 3795 1607 3814 ¹

366 3903 471 3962 cuncter
492 3900 596 3981 proice
609 3900 741 3981 prolude
767 3898 838 3964 buce
865 3900 916 3963 oui
942 3899 993 3963 vel
1019 3901 1107 3981 quoi;
1136 3899 1252 3986 quibus
1283 3921 1349 3964 non
1378 3897 1505 3962 omniuo

367 4005 486 4070 similia
506 4007 595 4069 fuere
619 4027 713 4088 sono,
737 4027 818 4089 quae
841 4007 917 4089 post
939 4027 955 4070 e
976 4027 994 4071 o
1016 4027 1038 4070 u
1060 4005 1183 4070 hebent
1204 4006 1218 4069 e'
1241 4026 1425 4088 consonam,
1447 4004 1506 4068 eius
1606 4013 1607 4020 ’

366 4114 459 4178 reieci>
481 4112 575 4195 leuius
597 4113 684 4176 ouius
708 4111 756 4174 vel
779 4113 895 4193 quoius.
945 4109 1030 4176 Nam
1058 4113 1167 4176 cumi
1194 4133 1337 4176 consona
1359 4113 1505 4194 sequente

367 4219 487 4284 vocalis
519 4219 728 4303 producatur,
763 4218 873 4301 potius
909 4219 1014 4301 prima
1046 4219 1176 4302 syllaba
1212 4219 1246 4283 in
1277 4218 1329 4282 his
1363 4216 1505 4281 similiter

368 4326 480 4391 sonuit
511 4329 607 4411 atque
638 4325 673 4389 in
701 4348 736 4408 α,
764 4347 801 4407 η,
821 4309 856 4390 Ιω
888 4346 961 4401 eum
992 4324 1061 4390 iota
1093 4325 1275 4410 subscripto
1307 4322 1504 4390 Graecorum.
1606 4411 1607 4424 χ

262 4501 272 4507 ,
368 4433 453 4498 Delu
484 4434 590 4498 ducac
621 4432 743 4514 deincps
772 4451 825 4497 ceu
855 4452 916 4498 eeu
941 4451 994 4498 seu
1025 4437 1130 4498 ceute
1167 4433 1265 4498 etiam
1293 4431 1420 4516 vulgari
1450 4447 1504 4492 usu
