<?xml version="1.0" encoding="UTF-8"?>
<!DOCTYPE html PUBLIC "-//W3C//DTD XHTML 1.0 Transitional//EN"
    "http://www.w3.org/TR/xhtml1/DTD/xhtml1-transitional.dtd">
<html xmlns="http://www.w3.org/1999/xhtml" xml:lang="en" lang="en">
 <head>
  <title>
</title>
<meta http-equiv="Content-Type" content="text/html;charset=utf-8" />
  <meta name='ocr-system' content='tesseract 3.04.00' />
  <meta name='ocr-capabilities' content='ocr_page ocr_carea ocr_par ocr_line ocrx_word'/>
</head>
<body>
  <div class='ocr_page' id='page_1' title='image "./reimetricaepoet00mlgoog_0077.png"; bbox 0 0 3260 5292; ppageno 0'>
   <div class='ocr_carea' id='block_1_1' title="bbox 370 436 1035 499">
    <p class='ocr_par' dir='ltr' id='par_1_1' title="bbox 370 436 1035 499">
     <span class='ocr_line' id='line_1_1' title="bbox 370 436 1035 499; baseline -0.005 -2"><span class='ocrx_word' id='word_1_1' title='bbox 370 437 412 499; x_wconf 70' lang='lat'>68</span> <span class='ocrx_word' id='word_1_2' title='bbox 850 436 969 491; x_wconf 80' lang='lat' dir='ltr'><strong>CAPUT</strong></span> <span class='ocrx_word' id='word_1_3' title='bbox 988 436 1035 494; x_wconf 79' lang='lat' dir='ltr'>IV.</span> 
     </span>
    </p>
   </div>
   <div class='ocr_carea' id='block_1_2' title="bbox 368 593 1535 1110">
    <p class='ocr_par' dir='ltr' id='par_1_2' title="bbox 368 593 1535 898">
     <span class='ocr_line' id='line_1_2' title="bbox 369 593 1535 690; baseline -0.004 -26"><span class='ocrx_word' id='word_1_4' title='bbox 369 601 504 690; x_wconf 68' lang='lat' dir='ltr'>Horatio</span> <span class='ocrx_word' id='word_1_5' title='bbox 527 599 561 663; x_wconf 93' lang='lat' dir='ltr'>in</span> <span class='ocrx_word' id='word_1_6' title='bbox 586 601 715 684; x_wconf 83' lang='lat' dir='ltr'>saturis,</span> <span class='ocrx_word' id='word_1_7' title='bbox 739 598 847 663; x_wconf 64' lang='lat' dir='ltr'>(tudio</span> <span class='ocrx_word' id='word_1_8' title='bbox 869 599 903 664; x_wconf 91' lang='lat' dir='ltr'>in</span> <span class='ocrx_word' id='word_1_9' title='bbox 922 596 1251 681; x_wconf 79' lang='lat' dir='ltr'>metamorphositas,</span> <span class='ocrx_word' id='word_1_10' title='bbox 1274 593 1330 660; x_wconf 89' lang='lat' dir='ltr'>sed</span> <span class='ocrx_word' id='word_1_11' title='bbox 1351 597 1395 660; x_wconf 86' lang='lat' dir='ltr'>ab</span> <span class='ocrx_word' id='word_1_12' title='bbox 1415 596 1535 660; x_wconf 87' lang='lat' dir='ltr'>omni-</span> 
     </span>
     <span class='ocr_line' id='line_1_3' title="bbox 368 703 1534 792; baseline -0.003 -22"><span class='ocrx_word' id='word_1_13' title='bbox 368 707 429 770; x_wconf 91' lang='lat' dir='ltr'>bus</span> <span class='ocrx_word' id='word_1_14' title='bbox 461 710 590 790; x_wconf 86' lang='lat' dir='ltr'>praeter</span> <span class='ocrx_word' id='word_1_15' title='bbox 617 707 795 792; x_wconf 85' lang='lat' dir='ltr'>Vergilium</span> <span class='ocrx_word' id='word_1_16' title='bbox 823 706 999 790; x_wconf 82' lang='lat' dir='ltr'>rarissime,</span> <span class='ocrx_word' id='word_1_17' title='bbox 1031 703 1168 789; x_wconf 84' lang='lat' dir='ltr'>denique</span> <span class='ocrx_word' id='word_1_18' title='bbox 1201 704 1298 769; x_wconf 85' lang='lat' dir='ltr'>semel</span> <span class='ocrx_word' id='word_1_19' title='bbox 1331 727 1351 767; x_wconf 86' lang='lat' dir='ltr'>a</span> <span class='ocrx_word' id='word_1_20' title='bbox 1383 703 1534 768; x_wconf 86' lang='lat' dir='ltr'>Valerio</span> 
     </span>
     <span class='ocr_line' id='line_1_4' title="bbox 368 811 831 898; baseline -0.009 -18"><span class='ocrx_word' id='word_1_21' title='bbox 368 813 484 880; x_wconf 82' lang='lat' dir='ltr'>Flacco</span> <span class='ocrx_word' id='word_1_22' title='bbox 508 814 633 898; x_wconf 85' lang='lat' dir='ltr'>[argon.</span> <span class='ocrx_word' id='word_1_23' title='bbox 656 811 720 898; x_wconf 84' lang='lat' dir='ltr'>IV,</span> <span class='ocrx_word' id='word_1_24' title='bbox 743 813 831 893; x_wconf 83' lang='lat'>293]¹</span> 
     </span>
    </p>

    <p class='ocr_par' dir='ltr' id='par_1_3' title="bbox 369 915 1532 1110">
     <span class='ocr_line' id='line_1_5' title="bbox 458 915 1532 1002; baseline -0.004 -19"><span class='ocrx_word' id='word_1_25' title='bbox 458 919 530 983; x_wconf 80' lang='lat' dir='ltr'>Tali</span> <span class='ocrx_word' id='word_1_26' title='bbox 566 922 674 984; x_wconf 89' lang='lat' dir='ltr'>autem</span> <span class='ocrx_word' id='word_1_27' title='bbox 705 920 874 984; x_wconf 78' lang='lat' dir='ltr'>occasione</span> <span class='ocrx_word' id='word_1_28' title='bbox 911 915 1036 1002; x_wconf 85' lang='lat' dir='ltr'>semper</span> <span class='ocrx_word' id='word_1_29' title='bbox 1068 919 1166 1002; x_wconf 85' lang='lat' dir='ltr'>longa</span> <span class='ocrx_word' id='word_1_30' title='bbox 1205 921 1254 982; x_wconf 90' lang='lat' dir='ltr'>est</span> <span class='ocrx_word' id='word_1_31' title='bbox 1284 917 1411 1001; x_wconf 82' lang='lat' dir='ltr'><strong>syllaba</strong></span> <span class='ocrx_word' id='word_1_32' title='bbox 1443 939 1532 1000; x_wconf 84' lang='lat' dir='ltr'>pae-</span> 
     </span>
     <span class='ocr_line' id='line_1_6' title="bbox 369 1023 1531 1110; baseline -0.003 -20"><span class='ocrx_word' id='word_1_33' title='bbox 369 1026 522 1110; x_wconf 85' lang='lat' dir='ltr'>nultima,</span> <span class='ocrx_word' id='word_1_34' title='bbox 549 1026 665 1090; x_wconf 88' lang='lat' dir='ltr'>ultima</span> <span class='ocrx_word' id='word_1_35' title='bbox 687 1029 795 1090; x_wconf 89' lang='lat' dir='ltr'>autem</span> <span class='ocrx_word' id='word_1_36' title='bbox 819 1047 921 1110; x_wconf 88' lang='lat' dir='ltr'>paene</span> <span class='ocrx_word' id='word_1_37' title='bbox 945 1047 1070 1110; x_wconf 82' lang='lat' dir='ltr'>semper</span> <span class='ocrx_word' id='word_1_38' title='bbox 1092 1025 1241 1090; x_wconf 88' lang='lat' dir='ltr'>enclitica</span> <span class='ocrx_word' id='word_1_39' title='bbox 1262 1045 1320 1107; x_wconf 76' lang='lat' dir='ltr'>quc</span> <span class='ocrx_word' id='word_1_40' title='bbox 1341 1027 1377 1088; x_wconf 90' lang='lat' dir='ltr'>ut</span> <span class='ocrx_word' id='word_1_41' title='bbox 1405 1024 1442 1086; x_wconf 82' lang='lat' dir='ltr'>in</span> <span class='ocrx_word' id='word_1_42' title='bbox 1468 1023 1531 1086; x_wconf 87' lang='lat' dir='ltr'>his</span> 
     </span>
    </p>
   </div>
   <div class='ocr_carea' id='block_1_3' title="bbox 370 1131 741 1216">
    <p class='ocr_par' dir='ltr' id='par_1_4' title="bbox 370 1131 741 1216">
     <span class='ocr_line' id='line_1_7' title="bbox 370 1131 741 1216; baseline 0 -20"><span class='ocrx_word' id='word_1_43' title='bbox 370 1135 453 1213; x_wconf 86' lang='lat' dir='ltr'>[aen.</span> <span class='ocrx_word' id='word_1_44' title='bbox 476 1131 532 1216; x_wconf 87' lang='lat' dir='ltr'>IV,</span> <span class='ocrx_word' id='word_1_45' title='bbox 551 1132 616 1196; x_wconf 83' lang='lat'>628</span> <span class='ocrx_word' id='word_1_46' title='bbox 640 1134 741 1216; x_wconf 53' lang='lat' dir='ltr'>sqq.]:,</span> 
     </span>
    </p>
   </div>
   <div class='ocr_carea' id='block_1_4' title="bbox 457 1255 1426 1555">
    <p class='ocr_par' dir='ltr' id='par_1_5' title="bbox 457 1255 1426 1555">
     <span class='ocr_line' id='line_1_8' title="bbox 458 1255 1304 1342; baseline 0.001 -22"><span class='ocrx_word' id='word_1_47' title='bbox 458 1257 568 1322; x_wconf 90' lang='lat' dir='ltr'>littora</span> <span class='ocrx_word' id='word_1_48' title='bbox 590 1256 754 1322; x_wconf 77' lang='lat' dir='ltr'>littoribus</span> <span class='ocrx_word' id='word_1_49' title='bbox 777 1257 952 1342; x_wconf 86' lang='lat' dir='ltr'>contraria,</span> <span class='ocrx_word' id='word_1_50' title='bbox 975 1255 1252 1322; x_wconf 85' lang='lat' dir='ltr'>fluctibus&#39;undas</span> <span class='ocrx_word' id='word_1_51' title='bbox 1297 1261 1304 1268; x_wconf 86' lang='grc'><em>“</em></span> 
     </span>
     <span class='ocr_line' id='line_1_9' title="bbox 459 1363 1426 1447; baseline -0.001 -20"><span class='ocrx_word' id='word_1_52' title='bbox 459 1364 626 1447; x_wconf 85' lang='lat' dir='ltr'>imprecor,</span> <span class='ocrx_word' id='word_1_53' title='bbox 650 1385 740 1428; x_wconf 87' lang='lat' dir='ltr'>arma</span> <span class='ocrx_word' id='word_1_54' title='bbox 763 1363 876 1428; x_wconf 89' lang='lat' dir='ltr'>armis!</span> <span class='ocrx_word' id='word_1_55' title='bbox 902 1367 1049 1447; x_wconf 88' lang='lat' dir='ltr'>pugnent</span> <span class='ocrx_word' id='word_1_56' title='bbox 1070 1363 1197 1447; x_wconf 85' lang='lat' dir='ltr'>ipsique</span> <span class='ocrx_word' id='word_1_57' title='bbox 1219 1365 1426 1447; x_wconf 82' lang='lat' dir='ltr'>nepotesque.</span> 
     </span>
     <span class='ocr_line' id='line_1_10' title="bbox 457 1469 1332 1555; baseline 0 -22"><span class='ocrx_word' id='word_1_58' title='bbox 457 1469 538 1534; x_wconf 87' lang='lat' dir='ltr'>haec</span> <span class='ocrx_word' id='word_1_59' title='bbox 561 1470 620 1554; x_wconf 84' lang='lat' dir='ltr'>ait,</span> <span class='ocrx_word' id='word_1_60' title='bbox 643 1473 676 1534; x_wconf 89' lang='lat' dir='ltr'>et</span> <span class='ocrx_word' id='word_1_61' title='bbox 698 1471 799 1555; x_wconf 86' lang='lat' dir='ltr'>partis</span> <span class='ocrx_word' id='word_1_62' title='bbox 823 1470 965 1534; x_wconf 88' lang='lat' dir='ltr'>animum</span> <span class='ocrx_word' id='word_1_63' title='bbox 988 1469 1139 1534; x_wconf 85' lang='lat' dir='ltr'>versabat</span> <span class='ocrx_word' id='word_1_64' title='bbox 1161 1471 1195 1534; x_wconf 92' lang='lat' dir='ltr'>in</span> <span class='ocrx_word' id='word_1_65' title='bbox 1218 1469 1332 1534; x_wconf 89' lang='lat' dir='ltr'>omnis.</span> 
     </span>
    </p>
   </div>
   <div class='ocr_carea' id='block_1_5' title="bbox 368 1609 1564 3190">
    <p class='ocr_par' dir='ltr' id='par_1_6' title="bbox 368 1609 1533 2124">
     <span class='ocr_line' id='line_1_11' title="bbox 369 1609 1533 1697; baseline -0.001 -21"><span class='ocrx_word' id='word_1_66' title='bbox 369 1611 521 1695; x_wconf 77' lang='lat' dir='ltr'>Exceptis</span> <span class='ocrx_word' id='word_1_67' title='bbox 545 1609 670 1675; x_wconf 90' lang='lat' dir='ltr'>duobus</span> <span class='ocrx_word' id='word_1_68' title='bbox 695 1611 823 1694; x_wconf 77' lang='lat' dir='ltr'>Vcrpilc&#39;c&#39;</span> <span class='ocrx_word' id='word_1_69' title='bbox 845 1613 1000 1696; x_wconf 83' lang='lat' dir='ltr'>versibus,</span> <span class='ocrx_word' id='word_1_70' title='bbox 1024 1634 1159 1697; x_wconf 90' lang='lat' dir='ltr'>quorum</span> <span class='ocrx_word' id='word_1_71' title='bbox 1178 1616 1228 1677; x_wconf 89' lang='lat' dir='ltr'>est</span> <span class='ocrx_word' id='word_1_72' title='bbox 1245 1613 1280 1676; x_wconf 92' lang='lat' dir='ltr'>in</span> <span class='ocrx_word' id='word_1_73' title='bbox 1298 1612 1361 1675; x_wconf 92' lang='lat' dir='ltr'>fine</span> <span class='ocrx_word' id='word_1_74' title='bbox 1378 1613 1533 1694; x_wconf 69' lang='lat' dir='ltr'>doeoqrrr&#39;t</span> 
     </span>
     <span class='ocr_line' id='line_1_12' title="bbox 368 1717 1523 1804; baseline -0.001 -22"><span class='ocrx_word' id='word_1_75' title='bbox 368 1717 537 1801; x_wconf 67' lang='lat' dir='ltr'>bracaram,</span> <span class='ocrx_word' id='word_1_76' title='bbox 565 1723 640 1782; x_wconf 77' lang='lat' dir='ltr'>tecta</span> <span class='ocrx_word' id='word_1_77' title='bbox 662 1718 861 1798; x_wconf 79' lang='lat' dir='ltr'>Latiamam,</span> <span class='ocrx_word' id='word_1_78' title='bbox 890 1741 1015 1804; x_wconf 86' lang='lat' dir='ltr'>semper</span> <span class='ocrx_word' id='word_1_79' title='bbox 1042 1720 1116 1784; x_wconf 89' lang='lat' dir='ltr'>ine</span> <span class='ocrx_word' id='word_1_80' title='bbox 1143 1721 1239 1784; x_wconf 88' lang='lat' dir='ltr'>breve</span> <span class='ocrx_word' id='word_1_81' title='bbox 1262 1741 1300 1785; x_wconf 86' lang='lat' dir='ltr'>ac</span> <span class='ocrx_word' id='word_1_82' title='bbox 1327 1719 1523 1802; x_wconf 87' lang='lat' dir='ltr'>plerumque</span> 
     </span>
     <span class='ocr_line' id='line_1_13' title="bbox 368 1823 1524 1911; baseline 0 -23"><span class='ocrx_word' id='word_1_83' title='bbox 368 1825 490 1907; x_wconf 79' lang='lat' dir='ltr'>inque,</span> <span class='ocrx_word' id='word_1_84' title='bbox 514 1823 715 1890; x_wconf 87' lang='lat' dir='ltr'>sicutmodo</span> <span class='ocrx_word' id='word_1_85' title='bbox 743 1827 933 1910; x_wconf 83' lang='lat' dir='ltr'>memoravi,</span> <span class='ocrx_word' id='word_1_86' title='bbox 962 1831 1082 1891; x_wconf 81' lang='lat' dir='ltr'>exeunt</span> <span class='ocrx_word' id='word_1_87' title='bbox 1102 1827 1137 1890; x_wconf 94' lang='lat' dir='ltr'>hi</span> <span class='ocrx_word' id='word_1_88' title='bbox 1164 1825 1368 1911; x_wconf 72' lang='lat' dir='ltr'>hypermetri,</span> <span class='ocrx_word' id='word_1_89' title='bbox 1414 1825 1524 1888; x_wconf 91' lang='lat' dir='ltr'>Inter-</span> 
     </span>
     <span class='ocr_line' id='line_1_14' title="bbox 369 1917 1524 2018; baseline -0.002 -22"><span class='ocrx_word' id='word_1_90' title='bbox 369 1931 544 2016; x_wconf 88' lang='lat' dir='ltr'>punctione</span> <span class='ocrx_word' id='word_1_91' title='bbox 576 1935 652 2016; x_wconf 87' lang='lat' dir='ltr'>post</span> <span class='ocrx_word' id='word_1_92' title='bbox 679 1917 1043 2018; x_wconf 55' lang='lat' dir='ltr'>uersusdrypermetros</span> <span class='ocrx_word' id='word_1_93' title='bbox 1071 1955 1156 1998; x_wconf 92' lang='lat' dir='ltr'>unus</span> <span class='ocrx_word' id='word_1_94' title='bbox 1184 1955 1281 1998; x_wconf 88' lang='lat' dir='ltr'>ausus</span> <span class='ocrx_word' id='word_1_95' title='bbox 1309 1935 1359 1996; x_wconf 86' lang='lat' dir='ltr'>est</span> <span class='ocrx_word' id='word_1_96' title='bbox 1384 1931 1434 1994; x_wconf 86' lang='lat' dir='ltr'>uti</span> <span class='ocrx_word' id='word_1_97' title='bbox 1461 1932 1524 1995; x_wconf 89' lang='lat' dir='ltr'>ali-</span> 
     </span>
     <span class='ocr_line' id='line_1_15' title="bbox 369 2038 922 2124; baseline 0.004 -22"><span class='ocrx_word' id='word_1_98' title='bbox 369 2039 517 2124; x_wconf 87' lang='lat' dir='ltr'>quotiens</span> <span class='ocrx_word' id='word_1_99' title='bbox 547 2038 707 2121; x_wconf 78' lang='lat' dir='ltr'>Verpc&#39;liua</span> <span class='ocrx_word' id='word_1_100' title='bbox 916 2105 922 2118; x_wconf 63' lang='grc'><strong><em>,</em></strong></span> 
     </span>
    </p>

    <p class='ocr_par' dir='ltr' id='par_1_7' title="bbox 369 2145 1522 2336">
     <span class='ocr_line' id='line_1_16' title="bbox 457 2145 1522 2230; baseline -0.001 -20"><span class='ocrx_word' id='word_1_101' title='bbox 457 2145 593 2210; x_wconf 89' lang='lat' dir='ltr'>Pulchre</span> <span class='ocrx_word' id='word_1_102' title='bbox 613 2151 720 2211; x_wconf 88' lang='lat' dir='ltr'>autem</span> <span class='ocrx_word' id='word_1_103' title='bbox 744 2147 796 2212; x_wconf 92' lang='lat' dir='ltr'>hic</span> <span class='ocrx_word' id='word_1_104' title='bbox 814 2168 892 2230; x_wconf 87' lang='lat' dir='ltr'>usus</span> <span class='ocrx_word' id='word_1_105' title='bbox 910 2150 962 2211; x_wconf 87' lang='lat' dir='ltr'>e&#39;st</span> <span class='ocrx_word' id='word_1_106' title='bbox 984 2147 1044 2210; x_wconf 86' lang='lat' dir='ltr'>tali</span> <span class='ocrx_word' id='word_1_107' title='bbox 1067 2151 1171 2212; x_wconf 85' lang='lat' dir='ltr'>metro</span> <span class='ocrx_word' id='word_1_108' title='bbox 1195 2147 1229 2211; x_wconf 95' lang='lat' dir='ltr'>in</span> <span class='ocrx_word' id='word_1_109' title='bbox 1249 2147 1339 2210; x_wconf 82' lang='lat' dir='ltr'>sexto</span> <span class='ocrx_word' id='word_1_110' title='bbox 1362 2145 1522 2210; x_wconf 87' lang='lat' dir='ltr'>aeneidos</span> 
     </span>
     <span class='ocr_line' id='line_1_17' title="bbox 369 2243 1266 2336; baseline -0.001 -18"><span class='ocrx_word' id='word_1_111' title='bbox 369 2253 444 2336; x_wconf 80' lang='lat'><strong>662,</strong></span> <span class='ocrx_word' id='word_1_112' title='bbox 468 2253 524 2320; x_wconf 84' lang='lat'>63:</span> <span class='ocrx_word' id='word_1_113' title='bbox 1176 2243 1183 2250; x_wconf 73' lang='grc'><em>’</em></span> <span class='ocrx_word' id='word_1_114' title='bbox 1261 2252 1266 2256; x_wconf 74' lang='grc'><strong>’</strong></span> 
     </span>
    </p>

    <p class='ocr_par' dir='ltr' id='par_1_8' title="bbox 469 2355 1504 2444">
     <span class='ocr_line' id='line_1_18' title="bbox 469 2355 1504 2444; baseline -0.003 -20"><span class='ocrx_word' id='word_1_115' title='bbox 469 2381 548 2444; x_wconf 89' lang='lat' dir='ltr'>quos</span> <span class='ocrx_word' id='word_1_116' title='bbox 573 2381 668 2444; x_wconf 86' lang='lat' dir='ltr'>super</span> <span class='ocrx_word' id='word_1_117' title='bbox 692 2362 762 2424; x_wconf 88' lang='lat' dir='ltr'>atra</span> <span class='ocrx_word' id='word_1_118' title='bbox 785 2361 866 2425; x_wconf 85' lang='lat' dir='ltr'>silex</span> <span class='ocrx_word' id='word_1_119' title='bbox 889 2361 954 2426; x_wconf 90' lang='lat' dir='ltr'>iam</span> <span class='ocrx_word' id='word_1_120' title='bbox 978 2361 1044 2426; x_wconf 92' lang='lat' dir='ltr'>iam</span> <span class='ocrx_word' id='word_1_121' title='bbox 1067 2361 1199 2444; x_wconf 87' lang='lat' dir='ltr'>lapsura</span> <span class='ocrx_word' id='word_1_122' title='bbox 1222 2359 1412 2443; x_wconf 75' lang='lat' dir='ltr'>cadentique</span> <span class='ocrx_word' id='word_1_123' title='bbox 1500 2355 1504 2362; x_wconf 85' lang='grc'><strong>’</strong></span> 
     </span>
    </p>

    <p class='ocr_par' dir='ltr' id='par_1_9' title="bbox 369 2466 1564 2778">
     <span class='ocr_line' id='line_1_19' title="bbox 471 2466 809 2553; baseline 0.006 -23"><span class='ocrx_word' id='word_1_124' title='bbox 471 2467 618 2531; x_wconf 91' lang='lat' dir='ltr'>imminet</span> <span class='ocrx_word' id='word_1_125' title='bbox 641 2466 809 2553; x_wconf 79' lang='lat' dir='ltr'>adsimilis3</span> 
     </span>
     <span class='ocr_line' id='line_1_20' title="bbox 369 2589 1522 2677; baseline 0 -21"><span class='ocrx_word' id='word_1_126' title='bbox 369 2592 402 2656; x_wconf 92' lang='lat' dir='ltr'>in</span> <span class='ocrx_word' id='word_1_127' title='bbox 437 2591 554 2675; x_wconf 90' lang='lat' dir='ltr'>quibus</span> <span class='ocrx_word' id='word_1_128' title='bbox 586 2611 679 2655; x_wconf 84' lang='lat' dir='ltr'>versu</span> <span class='ocrx_word' id='word_1_129' title='bbox 710 2612 805 2677; x_wconf 85' lang='lat' dir='ltr'>aegre</span> <span class='ocrx_word' id='word_1_130' title='bbox 838 2593 944 2656; x_wconf 89' lang='lat' dir='ltr'>stante</span> <span class='ocrx_word' id='word_1_131' title='bbox 971 2589 1117 2656; x_wconf 74' lang='lat' dir='ltr'>redditur</span> <span class='ocrx_word' id='word_1_132' title='bbox 1148 2592 1257 2676; x_wconf 83' lang='lat' dir='ltr'>imago</span> <span class='ocrx_word' id='word_1_133' title='bbox 1289 2589 1357 2655; x_wconf 84' lang='lat' dir='ltr'>saxi</span> <span class='ocrx_word' id='word_1_134' title='bbox 1387 2591 1522 2656; x_wconf 86' lang='lat' dir='ltr'>ruinam</span> 
     </span>
     <span class='ocr_line' id='line_1_21' title="bbox 369 2698 1564 2778; baseline -0.001 -16"><span class='ocrx_word' id='word_1_135' title='bbox 369 2698 559 2762; x_wconf 88' lang='lat' dir='ltr'>minitantis.</span> <span class='ocrx_word' id='word_1_136' title='bbox 1561 2773 1564 2778; x_wconf 25' lang='grc' dir='ltr'>Ι</span> 
     </span>
    </p>

    <p class='ocr_par' dir='ltr' id='par_1_10' title="bbox 368 2803 1522 3190">
     <span class='ocr_line' id='line_1_22' title="bbox 457 2803 1522 2889; baseline 0 -21"><span class='ocrx_word' id='word_1_137' title='bbox 457 2806 535 2870; x_wconf 80' lang='lat' dir='ltr'>Alia</span> <span class='ocrx_word' id='word_1_138' title='bbox 554 2809 655 2868; x_wconf 65' lang='lat' dir='ltr'>cama</span> <span class='ocrx_word' id='word_1_139' title='bbox 677 2825 726 2870; x_wconf 77' lang='lat' dir='ltr'>res</span> <span class='ocrx_word' id='word_1_140' title='bbox 743 2809 794 2884; x_wconf 79' lang='lat' dir='ltr'>est,</span> <span class='ocrx_word' id='word_1_141' title='bbox 818 2803 946 2889; x_wconf 89' lang='lat' dir='ltr'>quando</span> <span class='ocrx_word' id='word_1_142' title='bbox 966 2804 1056 2868; x_wconf 86' lang='lat' dir='ltr'>elisio</span> <span class='ocrx_word' id='word_1_143' title='bbox 1075 2805 1112 2870; x_wconf 87' lang='lat' dir='ltr'>fit</span> <span class='ocrx_word' id='word_1_144' title='bbox 1129 2808 1205 2888; x_wconf 89' lang='lat' dir='ltr'>post</span> <span class='ocrx_word' id='word_1_145' title='bbox 1222 2805 1370 2869; x_wconf 89' lang='lat' dir='ltr'>ultimam</span> <span class='ocrx_word' id='word_1_146' title='bbox 1389 2807 1522 2888; x_wconf 86' lang='lat' dir='ltr'>partem</span> 
     </span>
     <span class='ocr_line' id='line_1_23' title="bbox 368 2909 1522 2996; baseline 0.002 -20"><span class='ocrx_word' id='word_1_147' title='bbox 368 2934 531 2996; x_wconf 80' lang='lat' dir='ltr'>versuum,</span> <span class='ocrx_word' id='word_1_148' title='bbox 560 2911 615 2995; x_wconf 89' lang='lat' dir='ltr'>qui</span> <span class='ocrx_word' id='word_1_149' title='bbox 637 2915 694 2976; x_wconf 87' lang='lat' dir='ltr'>aut</span> <span class='ocrx_word' id='word_1_150' title='bbox 721 2914 859 2996; x_wconf 88' lang='lat' dir='ltr'>possunt</span> <span class='ocrx_word' id='word_1_151' title='bbox 883 2909 1085 2976; x_wconf 83' lang='lat' dir='ltr'>aut&#39;debcnt</span> <span class='ocrx_word' id='word_1_152' title='bbox 1117 2911 1209 2996; x_wconf 85' lang='lat' dir='ltr'>iungi</span> <span class='ocrx_word' id='word_1_153' title='bbox 1231 2933 1289 2996; x_wconf 91' lang='lat' dir='ltr'>per</span> <span class='ocrx_word' id='word_1_154' title='bbox 1312 2912 1522 2996; x_wconf 86' lang='lat' dir='ltr'>synaphiarn.</span> 
     </span>
     <span class='ocr_line' id='line_1_24' title="bbox 368 3015 1522 3104; baseline -0.001 -22"><span class='ocrx_word' id='word_1_155' title='bbox 368 3019 481 3104; x_wconf 86' lang='lat' dir='ltr'>ltaque</span> <span class='ocrx_word' id='word_1_156' title='bbox 501 3019 536 3082; x_wconf 90' lang='lat' dir='ltr'>in</span> <span class='ocrx_word' id='word_1_157' title='bbox 558 3019 703 3084; x_wconf 86' lang='lat' dir='ltr'>versibus</span> <span class='ocrx_word' id='word_1_158' title='bbox 722 3017 875 3101; x_wconf 75' lang='lat' dir='ltr'>sapphico,</span> <span class='ocrx_word' id='word_1_159' title='bbox 890 3019 1041 3100; x_wconf 65' lang='lat' dir='ltr'>placeam,</span> <span class='ocrx_word' id='word_1_160' title='bbox 1059 3018 1175 3081; x_wconf 80' lang='lat' dir='ltr'>alcaico</span> <span class='ocrx_word' id='word_1_161' title='bbox 1195 3015 1341 3082; x_wconf 75' lang='lat' dir='ltr'>Catullus</span> <span class='ocrx_word' id='word_1_162' title='bbox 1360 3022 1392 3082; x_wconf 92' lang='lat' dir='ltr'>et</span> <span class='ocrx_word' id='word_1_163' title='bbox 1410 3018 1522 3082; x_wconf 81' lang='lat' dir='ltr'>Hora-</span> 
     </span>
     <span class='ocr_line' id='line_1_25' title="bbox 368 3125 1059 3190; baseline -0.003 -1"><span class='ocrx_word' id='word_1_164' title='bbox 368 3128 431 3190; x_wconf 79' lang='lat' dir='ltr'>tius</span> <span class='ocrx_word' id='word_1_165' title='bbox 453 3129 538 3190; x_wconf 88' lang='lat' dir='ltr'>recte</span> <span class='ocrx_word' id='word_1_166' title='bbox 562 3125 612 3189; x_wconf 90' lang='lat' dir='ltr'>usi</span> <span class='ocrx_word' id='word_1_167' title='bbox 635 3128 711 3189; x_wconf 78' lang='lat' dir='ltr'>sunt</span> <span class='ocrx_word' id='word_1_168' title='bbox 734 3126 866 3190; x_wconf 89' lang='lat' dir='ltr'>elisione</span> <span class='ocrx_word' id='word_1_169' title='bbox 890 3125 977 3189; x_wconf 83' lang='lat' dir='ltr'>velut</span> <span class='ocrx_word' id='word_1_170' title='bbox 1001 3125 1059 3188; x_wconf 88' lang='lat' dir='ltr'>sie:</span> 
     </span>
    </p>
   </div>
   <div class='ocr_carea' id='block_1_6' title="bbox 403 3247 1345 4082">
    <p class='ocr_par' dir='ltr' id='par_1_11' title="bbox 403 3247 1345 4082">
     <span class='ocr_line' id='line_1_26' title="bbox 529 3247 1345 3334; baseline 0.001 -22"><span class='ocrx_word' id='word_1_171' title='bbox 529 3249 653 3312; x_wconf 89' lang='lat' dir='ltr'>nullum</span> <span class='ocrx_word' id='word_1_172' title='bbox 677 3271 790 3314; x_wconf 89' lang='lat' dir='ltr'>amans</span> <span class='ocrx_word' id='word_1_173' title='bbox 813 3269 900 3334; x_wconf 84' lang='lat' dir='ltr'>rere,</span> <span class='ocrx_word' id='word_1_174' title='bbox 925 3248 980 3313; x_wconf 92' lang='lat' dir='ltr'>sed</span> <span class='ocrx_word' id='word_1_175' title='bbox 1003 3247 1179 3313; x_wconf 90' lang='lat' dir='ltr'>identidem</span> <span class='ocrx_word' id='word_1_176' title='bbox 1204 3251 1345 3314; x_wconf 83' lang='lat' dir='ltr'>omnium</span> 
     </span>
     <span class='ocr_line' id='line_1_27' title="bbox 527 3355 770 3440; baseline 0 -20"><span class='ocrx_word' id='word_1_177' title='bbox 527 3355 585 3420; x_wconf 90' lang='lat' dir='ltr'>ilia</span> <span class='ocrx_word' id='word_1_178' title='bbox 607 3378 770 3440; x_wconf 87' lang='lat' dir='ltr'>rumpens.</span> 
     </span>
     <span class='ocr_line' id='line_1_28' title="bbox 527 3462 1010 3543; baseline 0.004 -17"><span class='ocrx_word' id='word_1_179' title='bbox 527 3462 711 3528; x_wconf 85' lang='lat' dir='ltr'>flammeum</span> <span class='ocrx_word' id='word_1_180' title='bbox 734 3464 826 3529; x_wconf 88' lang='lat' dir='ltr'>video</span> <span class='ocrx_word' id='word_1_181' title='bbox 850 3466 964 3528; x_wconf 87' lang='lat' dir='ltr'>venire.</span> <span class='ocrx_word' id='word_1_182' title='bbox 1006 3535 1010 3543; x_wconf 53' lang='grc'><strong><em>,</em></strong></span> 
     </span>
     <span class='ocr_line' id='line_1_29' title="bbox 527 3569 976 3636; baseline 0.013 -6"><span class='ocrx_word' id='word_1_183' title='bbox 527 3569 572 3631; x_wconf 90' lang='lat' dir='ltr'>ite</span> <span class='ocrx_word' id='word_1_184' title='bbox 596 3570 756 3635; x_wconf 91' lang='lat' dir='ltr'>concinite</span> <span class='ocrx_word' id='word_1_185' title='bbox 779 3571 813 3636; x_wconf 93' lang='lat' dir='ltr'>in</span> <span class='ocrx_word' id='word_1_186' title='bbox 836 3571 976 3636; x_wconf 89' lang='lat' dir='ltr'>modum.</span> 
     </span>
     <span class='ocr_line' id='line_1_30' title="bbox 527 3675 1184 3768; baseline 0.003 -29"><span class='ocrx_word' id='word_1_187' title='bbox 527 3697 584 3739; x_wconf 87' lang='lat' dir='ltr'>our</span> <span class='ocrx_word' id='word_1_188' title='bbox 606 3675 745 3742; x_wconf 85' lang='lat' dir='ltr'>facunda</span> <span class='ocrx_word' id='word_1_189' title='bbox 767 3699 882 3760; x_wconf 86' lang='lat' dir='ltr'>parum</span> <span class='ocrx_word' id='word_1_190' title='bbox 905 3677 1020 3744; x_wconf 78' lang='lat' dir='ltr'>decoro</span> <span class='ocrx_word' id='word_1_191' title='bbox 1181 3759 1184 3768; x_wconf 24' lang='lat'><strong>¹</strong></span> 
     </span>
     <span class='ocr_line' id='line_1_31' title="bbox 421 3768 1138 3869; baseline 0.003 -24"><span class='ocrx_word' id='word_1_192' title='bbox 421 3861 424 3867; x_wconf 24' lang='grc' dir='ltr'>Ι</span> <span class='ocrx_word' id='word_1_193' title='bbox 527 3783 612 3846; x_wconf 88' lang='lat' dir='ltr'>inter</span> <span class='ocrx_word' id='word_1_194' title='bbox 634 3783 733 3848; x_wconf 85' lang='lat' dir='ltr'>verba</span> <span class='ocrx_word' id='word_1_195' title='bbox 756 3768 844 3848; x_wconf 79' lang='lat' dir='ltr'>cadit</span> <span class='ocrx_word' id='word_1_196' title='bbox 866 3784 979 3869; x_wconf 84' lang='lat' dir='ltr'>lingua</span> <span class='ocrx_word' id='word_1_197' title='bbox 1003 3783 1138 3849; x_wconf 89' lang='lat' dir='ltr'>silentio.</span> 
     </span>
     <span class='ocr_line' id='line_1_32' title="bbox 528 3889 1130 3956; baseline 0 -2"><span class='ocrx_word' id='word_1_198' title='bbox 528 3910 597 3954; x_wconf 90' lang='lat' dir='ltr'>sors</span> <span class='ocrx_word' id='word_1_199' title='bbox 620 3889 745 3954; x_wconf 85' lang='lat' dir='ltr'>exitura</span> <span class='ocrx_word' id='word_1_200' title='bbox 768 3892 801 3954; x_wconf 88' lang='lat' dir='ltr'>et</span> <span class='ocrx_word' id='word_1_201' title='bbox 823 3912 883 3956; x_wconf 89' lang='lat' dir='ltr'>nos</span> <span class='ocrx_word' id='word_1_202' title='bbox 906 3891 941 3954; x_wconf 91' lang='lat' dir='ltr'>in</span> <span class='ocrx_word' id='word_1_203' title='bbox 965 3895 1130 3956; x_wconf 79' lang='lat' dir='ltr'>aeternam</span> 
     </span>
     <span class='ocr_line' id='line_1_33' title="bbox 403 3995 1038 4082; baseline 0.006 -24"><span class='ocrx_word' id='word_1_204' title='bbox 403 4053 404 4058; x_wconf 73' lang='grc'>,</span> <span class='ocrx_word' id='word_1_205' title='bbox 529 3995 659 4060; x_wconf 84' lang='lat' dir='ltr'>exilium</span> <span class='ocrx_word' id='word_1_206' title='bbox 682 3996 875 4079; x_wconf 87' lang='lat' dir='ltr'>impositura</span> <span class='ocrx_word' id='word_1_207' title='bbox 897 3998 1038 4082; x_wconf 81' lang='lat' dir='ltr'>cymbae.</span> 
     </span>
    </p>
   </div>
   <div class='ocr_carea' id='block_1_7' title="bbox 367 4118 1525 4397">
    <p class='ocr_par' dir='ltr' id='par_1_12' title="bbox 367 4118 1525 4397">
     <span class='ocr_line' id='line_1_34' title="bbox 367 4118 1521 4208; baseline 0.003 -24"><span class='ocrx_word' id='word_1_208' title='bbox 367 4118 538 4184; x_wconf 76' lang='lat' dir='ltr'>Horatium</span> <span class='ocrx_word' id='word_1_209' title='bbox 560 4119 619 4183; x_wconf 85' lang='lat' dir='ltr'>tali</span> <span class='ocrx_word' id='word_1_210' title='bbox 642 4120 811 4186; x_wconf 85' lang='lat' dir='ltr'>occasione</span> <span class='ocrx_word' id='word_1_211' title='bbox 834 4143 961 4186; x_wconf 82' lang='lat' dir='ltr'>versum</span> <span class='ocrx_word' id='word_1_212' title='bbox 985 4122 1125 4205; x_wconf 90' lang='lat' dir='ltr'>priorem</span> <span class='ocrx_word' id='word_1_213' title='bbox 1149 4143 1275 4205; x_wconf 88' lang='lat' dir='ltr'>semper</span> <span class='ocrx_word' id='word_1_214' title='bbox 1297 4119 1393 4184; x_wconf 87' lang='lat' dir='ltr'>finire</span> <span class='ocrx_word' id='word_1_215' title='bbox 1417 4123 1521 4208; x_wconf 89' lang='lat' dir='ltr'>longa</span> 
     </span>
     <span class='ocr_line' id='line_1_35' title="bbox 367 4225 1525 4310; baseline 0.004 -20"><span class='ocrx_word' id='word_1_216' title='bbox 367 4227 493 4310; x_wconf 86' lang='lat' dir='ltr'>syllaba</span> <span class='ocrx_word' id='word_1_217' title='bbox 516 4247 614 4310; x_wconf 86' lang='lat' dir='ltr'>supra</span> <span class='ocrx_word' id='word_1_218' title='bbox 632 4227 698 4291; x_wconf 89' lang='lat' dir='ltr'>iam</span> <span class='ocrx_word' id='word_1_219' title='bbox 717 4227 864 4292; x_wconf 88' lang='lat' dir='ltr'>indicavi.</span> <span class='ocrx_word' id='word_1_220' title='bbox 906 4225 969 4292; x_wconf 78' lang='lat' dir='ltr'>Sed</span> <span class='ocrx_word' id='word_1_221' title='bbox 992 4231 1068 4310; x_wconf 91' lang='lat' dir='ltr'>post</span> <span class='ocrx_word' id='word_1_222' title='bbox 1085 4227 1256 4292; x_wconf 77' lang='lat' dir='ltr'>Horatium</span> <span class='ocrx_word' id='word_1_223' title='bbox 1279 4249 1374 4291; x_wconf 89' lang='lat' dir='ltr'>nemo</span> <span class='ocrx_word' id='word_1_224' title='bbox 1400 4230 1525 4295; x_wconf 89' lang='lat' dir='ltr'>similia</span> 
     </span>
     <span class='ocr_line' id='line_1_36' title="bbox 368 4337 583 4397; baseline 0.005 -1"><span class='ocrx_word' id='word_1_225' title='bbox 368 4355 466 4397; x_wconf 89' lang='lat' dir='ltr'>ausus</span> <span class='ocrx_word' id='word_1_226' title='bbox 490 4337 547 4397; x_wconf 89' lang='lat' dir='ltr'>est.</span> <span class='ocrx_word' id='word_1_227' title='bbox 578 4381 583 4389; x_wconf 85' lang='lat'><em>.</em></span> 
     </span>
    </p>
   </div>
   <div class='ocr_carea' id='block_1_8' title="bbox 457 4393 1336 4525">
    <p class='ocr_par' dir='ltr' id='par_1_13' title="bbox 457 4389 1336 4525">
     <span class='ocr_line' id='line_1_37' title="bbox 457 4393 1336 4525; baseline 0.002 -23"><span class='ocrx_word' id='word_1_228' title='bbox 457 4437 505 4502; x_wconf 81' lang='lat' dir='ltr'>cf.</span> <span class='ocrx_word' id='word_1_229' title='bbox 529 4440 568 4503; x_wconf 91' lang='lat' dir='ltr'>de</span> <span class='ocrx_word' id='word_1_230' title='bbox 591 4441 737 4504; x_wconf 88' lang='lat' dir='ltr'>versibus</span> <span class='ocrx_word' id='word_1_231' title='bbox 760 4393 974 4525; x_wconf 81' lang='lat' dir='ltr'>hypermetris</span> <span class='ocrx_word' id='word_1_232' title='bbox 999 4441 1027 4507; x_wconf 90' lang='lat' dir='ltr'>d.</span> <span class='ocrx_word' id='word_1_233' title='bbox 1046 4465 1070 4505; x_wconf 91' lang='lat' dir='ltr'>r.</span> <span class='ocrx_word' id='word_1_234' title='bbox 1090 4463 1131 4505; x_wconf 87' lang='lat' dir='ltr'>ru.</span> <span class='ocrx_word' id='word_1_235' title='bbox 1151 4441 1336 4508; x_wconf 71' lang='lat' dir='ltr'>aco-296.</span> 
     </span>
    </p>
   </div>
   <div class='ocr_carea' id='block_1_9' title="bbox 0 0 1630 5292">
    <p class='ocr_par' dir='ltr' id='par_1_14' title="bbox 0 0 1630 5292">
     <span class='ocr_line' id='line_1_38' title="bbox 0 0 1630 5292; baseline 0 0"><span class='ocrx_word' id='word_1_236' title='bbox 0 0 1630 5292; x_wconf 95' lang='lat' dir='ltr'> </span> 
     </span>
    </p>
   </div>
   <div class='ocr_carea' id='block_1_10' title="bbox 1623 0 1635 5228">
    <p class='ocr_par' dir='ltr' id='par_1_15' title="bbox 1623 0 1635 5228">
     <span class='ocr_line' id='line_1_39' title="bbox 1623 0 1635 5228; baseline 0 0"><span class='ocrx_word' id='word_1_237' title='bbox 1623 0 1635 5228; x_wconf 95' lang='lat' dir='ltr'> </span> 
     </span>
    </p>
   </div>
  </div>
 </body>
</html>
